3775 5734
379 466 462 547 277
666 442 717 525 Ν
1143 410 1147 417 ’
1297 456 1383 579 ⁰¹„
1543 470 1618 561 2⁷8

378 628 467 693 idem
497 642 641 692 maeror
669 628 826 706 epitheton
843 630 987 697 tribuitur
1018 636 1155 711 ianeibaa
1182 636 1219 698 ad
1241 637 1470 715 praedicandam
1499 638 1617 705 Tiberi-i

380 710 472 771 etiam
485 704 643 785 Arficidis
662 712 794 773 lacertis.
833 714 879 776 Ex
891 712 986 797 Span-
1017 715 1173 777 iustitiam.
1197 714 1267 779 dunt
1284 723 1321 779 ab
1337 736 1374 779 eo
1393 722 1423 779 id
1445 720 1618 793 impetrauit

379 788 467 850 bertii
492 792 705 853 nbl'etuatiotre
727 793 757 853 id
780 790 851 870 lasti·
869 813 983 871 cogno·
1018 794 1092 855 haec
1114 798 1217 874 regina
1240 798 1449 876 Pythodoris,
1471 814 1504 860 vt
1520 803 1549 862 in
1570 802 1617 863 vl·

380 886 448 933 men
475 873 621 949 nusquam
651 872 682 933 in
709 874 775 934 aliia
795 888 931 935 ueterum
951 875 983 935 in
1015 876 1129 937 tionem
1153 878 1241 937 occisi
1259 896 1311 951 per
1331 880 1464 941 fraudem
1492 896 1510 941 a
1534 880 1618 945 Rhe·

380 948 509 1013 orlente
526 968 580 1013 aut
594 952 669 1013 alibi
683 970 786 1029 regum
806 956 905 1016 numia
929 972 982 1017 oa·
1015 954 1174 1029 scuporide
1207 960 1326 1031 niariti,
1356 960 1418 1033 ipse
1451 960 1483 1020 in
1512 960 1617 1027 senatu

380 1032 487 1093 currit.
527 1032 657 1109 Legitur
692 1051 788 1095 tamen
819 1048 983 1117 exarator
1017 1036 1205 1099 damnaretur
1221 1052 1250 1098 et
1274 1040 1483 1101 Alexandriam
1499 1041 1615 1104 delatua

381 1126 496 1174 aanor
515 1128 711 1173 oportunus
745 1132 802 1175 aar
832 1120 985 1190 ortator,
1016 1116 1115 1195 eapite
1131 1116 1174 1177 ibi
1197 1118 1305 1181 lueret.

383 1188 472 1273 Regis
493 1188 593 1259 Sorai,
619 1190 717 1253 Deum
734 1193 852 1255 colentis
871 1192 915 1255 Et
934 1192 982 1255 Ill·

376 1268 513 1353 ssi‚·qui
547 1274 623 1334 AEa
676 1275 754 1336 Sami
780 1276 858 1353 regis
877 1279 983 1337 Arme·
1057 1291 1194 1350 marton
1214 1272 1291 1355 (ste)
1314 1279 1613 1349 loeoxaoorxrnn.

383 1354 447 1415 niae
480 1370 590 1413 numus
628 1355 792 1415 delitreatus
821 1355 923 1417 vistnu
950 1356 982 1417 in
1015 1356 1079 1417 vid.
1095 1354 1238 1417 Laodicea
1261 1360 1377 1439 Syriae.

386 1432 460 1495 cim.
481 1429 640 1495 lunarat
672 1436 720 1494 Tb
752 1450 795 1508 15.
821 1438 863 1509 fg.
882 1454 933 1496 22.
952 1449 983 1496 et
1502 1456 1504 1467 ·

383 1514 459 1583 iuter
476 1514 627 1575 Nuutil‘uu.
644 1516 721 1591 Reg.
738 1515 807 1577 Vet.
826 1514 982 1577 Froeliebii
1054 1530 1212 1590 ΔιιτιΝΑ,
1234 1533 1268 1578 vt
1284 1520 1361 1591 apud
1380 1518 1465 1581 Mad.
1491 1537 1523 1594 p.
1542 1523 1611 1598 163.

385 1594 447 1655 Tb.¹
467 1612 493 1655 r.
516 1596 561 1671 fg.
587 1602 606 1662 8
645 1598 744 1668 addita
768 1614 798 1671 p.
816 1596 858 1675 64
880 1598 922 1673 sq.
945 1597 982 1657 de
1016 1596 1066 1656 vel
1090 1612 1262 1658 arxrvuna
1296 1616 1391 1659 artur.
1431 1598 1503 1663 ibid.
1535 1603 1613 1677 apud

384 1675 491 1735 eodem
503 1692 576 1752 rege
593 1676 720 1736 editoris
735 1676 940 1739 illustratione.
1018 1674 1173 1758 Sagarinum
1189 1694 1276 1751 vero,
1302 1676 1507 1747 Vaillaatium,
1530 1682 1612 1742 Har·

751 1818 754 1825 ,
1015 1756 1135 1816 ditinum
1152 1758 1262 1818 aliosue
1282 1773 1453 1823 ulmtlllld
1469 1774 1614 1827 altinati·

422 1850 649 1908 mxaroarnu,
671 1832 797 1911 hairtin.
826 1836 890 1912 ipsa
904 1837 982 1899 stane
1015 1838 1079 1899 vid.
1101 1836 1262 1914 Ditiyaao.

355 1944 363 2011 f
389 1916 417 1977 d.
431 1918 605 1987 bilancern,
628 1916 796 1989 fihaltam,
818 1918 982 1979 additoim-

388 1998 457 2071 perii
480 2013 518 2075 e'.
535 2000 618 2057 Aaou
642 1995 752 2057 Tertio.
787 2000 826 2057 AE
842 2016 872 2058 a.
894 1996 984 2061 Clau·
1055 2011 1089 2059 aa
1105 2014 1147 2057 ur
1611 2065 1615 2075 ¹

389 2078 427 2137 dii
443 2084 479 2137 ab
499 2078 713 2139 Alexandrinis
728 2078 871 2153 Aegypti.
912 2076 984 2137 Mo·
1056 2094 1075 2139 r
1106 2093 1125 2137 Σ
1165 2048 1248 2109 forte
1273 2056 1328 2116 ως
1357 2056 1434 2121 W*
1462 2060 1613 2132 ²⁶f⁸²¹3⁰it

387 2156 450 2218 rell.
488 2158 524 2221 in
546 2156 677 2219 Claudio
709 2158 772 2219 Tb.
798 2174 824 2233 7.
862 2160 906 2233 fg.
929 2176 983 2232 27·
1019 2156 1096 2217 ioais
1126 2156 1247 2220 Domini
1280 2158 1445 2247 Sarapidis.
1483 2184 1518 2229 n.
1546 2170 1611 2233 An.

388 2236 478 2299 Toni.
498 2238 538 2297 1.·.
561 2258 593 2311 p.
612 2240 684 2319 35.)
725 2238 803 2301 Mus.
828 2235 934 2321 Tieap.
953 2256 982 2312 p.
1018 2255 1118 2318 cyrae.

392 2326 477 2395 1098.
505 2350 549 2361 -
591 2320 673 2379 idem
698 2333 791 2399 typus
813 2320 843 2381 in
867 2338 896 2379 n.
921 2318 983 2379 Ve-

388 2396 503 2473 spasiani
523 2400 809 2473 antiochianum,
832 2417 919 2478 quem
937 2401 981 2459 ln·
1058 2396 1216 2460 Diluaium
1235 2401 1420 2471 illectricem,
1449 2403 1612 2468 Deucalio-

390 2492 431 2539 atr
447 2473 573 2554 Gefireri
586 2480 769 2541 Numismata
783 2482 927 2541 inuenies.
942 2512 981 2527 -
1014 2480 1061 2541 nis
1086 2482 1188 2541 fabula
1209 2483 1377 2543 inuolutum
1401 2486 1614 2559 repraesentari

390 2558 419 2621 u
450 2560 537 2621 fimili
569 2578 713 2637 argenteo
744 2580 781 2621 ex
810 2562 981 2635 monetarii,
1014 2561 1044 2621 in
1060 2564 1141 2635 Sept.
1158 2564 1274 2633 Seueri,
1292 2564 1419 2623 Macrini
1437 2578 1467 2622 et
1482 2564 1612 2641 Philippi

391 2640 464 2703 tirca
499 2641 645 2719 exolutum
684 2658 876 2705 trutinatur
908 2643 980 2703 ioco
1014 2642 1147 2717 senioris
1166 2644 1412 2716 numismatibus,
1435 2644 1614 2707 dillertatio·

390 2732 529 2791 maran
546 2723 699 2795 scriptum.
724 2756 761 2770 -
800 2724 836 2784 In
860 2723 980 2797 quibus·
1016 2722 1100 2781 rede
1116 2739 1207 2783 numo
1223 2722 1394 2797 Amneni,
1414 2724 1611 2787 Deucalionei

390 2800 450 2863 dan
486 2819 564 2863 vero
601 2802 817 2879 imperatorum
850 2804 982 2878 Neruae,
1016 2804 1120 2862 diluuii
1137 2817 1242 2881 typum
1259 2803 1434 2877 exhibente,
1455 2808 1612 2867 contendit

390 2880 541 2953 Hadriani,
561 2884 709 2945 Antonini
725 2886 788 2957 Pii,
808 2884 931 2957 Seueri,
951 2897 982 2943 et
1019 2880 1157 2941 Oc‘laaius
1178 2883 1382 2955 falconarius,
1403 2903 1478 2962 quae
1493 2887 1612 2948 Romae

390 2963 548 3023 Alexandri
581 2966 685 3025 Seueri
713 2967 982 3031 numismatorum
1018 2964 1106 3037 1667.
1135 2964 1274 3036 seorfim,
1291 2978 1346 3024 tet
1369 2964 1483 3026 Parisiis
1520 2968 1612 3045 1684,

390 3045 434 3103 vel
452 3040 591 3121 iustitia5
611 3045 663 3106 sub
679 3048 838 3119 mulieris,¹
851 3045 880 3105 d.
897 3058 981 3118 pate·
1014 3059 1082 3103 cum
1102 3040 1187 3102 Petri
1208 3040 1326 3182 Sefiuini
1353 3046 1502 3118 opusculis
1530 3049 1612 3108 edita

389 3124 517 3199 ram,s.
549 3124 661 3187 hastam
691 3128 819 3187 tenentia
841 3124 981 3202 symbolo
1015 3124 1067 3183 est.
1110 3125 1228 3184 Numos
1267 3125 1334 3185 osce
1351 3126 1501 3199 Apameae
1515 3127 1611 3207 insu*

391 3204 583 3283 depingimr5
614 3207 657 3266 At
681 3207 787 3267 eudem
813 3206 865 3289 iub
889 3218 980 3280 typo,
1014 3205 1059 3263 ria
1083 3205 1218 3265 attribuit
1237 3203 1420 3265 falconarius
1438 3220 1611 3283 propterea,

391 3300 445 3359 quo
476 3286 532 3347 illa
562 3286 593 3347 in
626 3286 687 3345 alio
712 3289 850 3348 Romano
877 3286 981 3345 itidem
1015 3284 1098 3360 quod
1114 3302 1150 3344 ex
1169 3285 1297 3344 Luciaao
1315 3290 1351 3345 de
1369 3286 1520 3363 deasyrit
1538 3304 1613 3350 con·

390 3362 505 3427 Neruae
534 3384 628 3427 numo
659 3380 690 3427 et
719 3368 813 3445 vulgo
848 3366 980 3443 alioquin
1013 3364 1085 3425 stet:
1101 3366 1180 3424 circa
1198 3367 1299 3426 Seueri
1311 3380 1446 3442 tempora
1456 3368 1615 3443 Hierapoli

389 3448 527 3527 Atqairas
559 3449 592 3508 in
627 3446 836 3508 Romanorum
868 3447 980 3519 numia,
1013 3444 1044 3504 in
1061 3445 1149 3519 Suria
1164 3447 1291 3509 illustres
1307 3446 1612 3508 adhueeaerinroniua

390 3526 437 3587 sub
455 3529 590 3589 mulieris
610 3546 716 3600 nempe
734 3546 800 3589 curn
819 3528 937 3587 bilance
951 3539 981 3586 et
1013 3526 1155 3601 vigilite,
1179 3527 1286 3603 quibus
1314 3526 1418 3587 diluuii
1440 3541 1471 3587 et
1494 3529 1615 3589 conser-

391 3610 609 3683 tornucopiae,
631 3621 664 3669 vt
677 3610 708 3669 in
723 3608 851 3669 Macrini
872 3606 942 3667 cuso
964 3623 981 3664 a
1014 3606 1075 3665 uati
1105 3608 1221 3682 generis
1251 3606 1371 3668 humani
1397 3610 1541 3668 memoria
1572 3610 1611 3667 ab

390 3684 549 3761 blopleatis
572 3707 685 3760 numo,
707 3703 756 3749 aut
774 3690 980 3750 eiuldtmeor·
1014 3686 1184 3746 idololatris
1212 3690 1413 3749 recolebatur.
1455 3688 1505 3747 Ad
1531 3688 1614 3761 Apa-

390 3771 530 3843 nucopiae
558 3770 630 3831 loco
656 3786 722 3829 cunt
746 3769 861 3842 sceptro
878 3768 980 3828 stantis
1014 3768 1110 3826 meam
1127 3782 1224 3827 autem
1242 3767 1391 3842 Phrygiae
1413 3766 1534 3827 limiletn
1560 3770 1614 3828 Se·

391 3849 503 3927 effigie,
523 3848 598 3923 sicut
614 3850 644 3909 in
660 3848 699 3911 stn
723 3850 796 3910 ulari
812 3848 981 3923 Vespafiani
1015 3847 1111 3921 ptiuii
1138 3865 1259 3908 numum
1288 3846 1436 3909 Harduin.
1463 3848 1554 3921 oper.
1579 3866 1616 3922 pa

390 3944 475 3991 numo
503 3932 584 4003 apud
609 3867 732 3990 Mareia
755 3924 892 4005 'specim
917 3929 979 3988 Tb.
1016 3940 1065 4002 25·
1086 3928 1199 3999 refert,
1222 3945 1256 3988 ac
1272 3927 1381 4004 figuras
1405 3928 1447 3986 ita
1463 3929 1612 4001 exponit:

389 4024 436 4073 al·
450 4028 481 4084 p.
502 4018 575 4079 208.
599 4011 790 4093 Quoreferti
807 4010 981 4071 debatalius
1014 4008 1153 4075 „Arcani
1177 4008 1234 4068 elie
1252 4008 1336 4068 vrbis
1352 4006 1440 4081 ipfiua
1464 4009 1615 4080 Apameae

390 4086 504 4167 inlignir
520 4110 631 4153 nunaua
651 4088 979 4170 ascgaina‘8e1.tluu.
1013 4090 1045 4149 in
1071 4086 1202 4165 Phrygia
1227 4088 1417 4163 symbolum,
1439 4105 1515 4163 quae
1531 4100 1614 4159 xipa-

390 4184 417 4245 p.
436 4187 483 4233 ιι.
511 4168 662 4233 Vaillnrr.
679 4172 770 4231 Num.
788 4172 881 4245 impp.
893 4170 979 4231 Prae·
1013 4178 1077 4236 aaa,
1106 4168 1207 4239 Arca,
1229 4168 1305 4227 didta
1329 4168 1389 4240 est,
1419 4168 1491 4229 teste
1515 4166 1614 4227 Plinio

392 4246 467 4316 bant.
497 4270 527 4329 p.
552 4262 606 4333 48.
637 4266 668 4313 et
694 4248 817 4312 Morell.
849 4250 977 4327 specim.
1013 4249 1050 4311 L.
1065 4247 1108 4310 V.
1125 4251 1206 4308 ciues
1223 4264 1298 4309 vero
1320 4248 1501 4322 apamenus
1516 4250 1614 4308 reler-

392 4330 445 4393 Tb.
470 4340 502 4401 8.
536 4353 569 4409 p.
596 4349 651 4409 92.
682 4345 883 4403 memoratus,
919 4348 980 4407 quo
1014 4347 1047 4388 re
1061 4328 1159 4389 vittun
1173 4339 1203 4388 et
1219 4328 1371 4387 mulierem
1392 4328 1422 4387 in
1436 4344 1523 4399 arcta
1544 4345 1616 4388 cor·

391 4404 453 4475 ltine
470 4416 592 4476 Tiberii
611 4417 687 4487 imp.
706 4427 796 4487 caput
814 4410 873 4473 stne
896 4410 984 4471 inl‘cr.
1018 4408 1249 4483 uum-adponi,
1292 4408 1374 4485 qdod
1403 4410 1476 4469 vrbe
1509 4408 1615 4468 eadem

391 4486 467 4555 ilinc
483 4496 563 4557 libra
579 4496 683 4571 aequis
697 4492 830 4553 lancibus
847 4508 913 4553 curu
934 4492 986 4551 ad·
1019 4490 1092 4550 olim
1111 4500 1244 4561 urrann,
1265 4490 1316 4547 vel
1335 4498 1459 4548 ultum
1483 4489 1615 4562 adpella-

391 4570 500 4649 scriptia
529 4576 647 4636 circum
673 4574 854 4634 nominibua.
895 4586 985 4631 utar·
1019 4584 1119 4635 retur,
1151 4567 1248 4628 Plinio
1273 4571 1421 4641 docente,
1448 4571 1529 4647 quod
1555 4564 1615 4625 Ni-

392 4666 477 4717 nrzaa
492 4669 689 4717 nrooanatr:
709 4668 853 4722 xorror,
875 4648 988 4732 Regina
1017 4648 1165 4731 grndinem
1180 4650 1322 4720 denotat;
1341 4650 1617 4723 porrocolumbanr

394 4732 563 4811 Pyrlrodorr'r
597 4736 725 4809 Cotym,
763 4734 858 4810 quinti
878 4749 986 4805 nempe
1021 4748 1088 4791 cum
1106 4748 1188 4789 raino
1208 4731 1293 4789 oleae
1315 4728 1476 4805 {ignificare
1499 4744 1616 4803 pacem,

392 4814 472 4879 buius
487 4816 626 4879 nominis
645 4814 796 4876 Thracum
813 4813 892 4889 regia
912 4830 985 4875 con·
1018 4810 1106 4871 violis
1122 4808 1236 4870 Parthia
1254 4808 1338 4869 Aliae
1361 4822 1493 4883 partam,
1518 4820 1548 4866 et
1567 4824 1618 4865 re-

391 4894 448 4959 ixr.
488 4898 618 4977 eimau
642 4912 719 4959 uero
741 4896 785 4957 ibi
813 4894 890 4957 libra
917 4910 986 4961 omn
1017 4890 1148 4957 stitutum
1165 4890 1371 4966 securitatem,
1392 4904 1481 4967 quam
1501 4887 1618 5029 ludigari
