<?xml version="1.0" encoding="UTF-8"?>
<!DOCTYPE html PUBLIC "-//W3C//DTD XHTML 1.0 Transitional//EN"
    "http://www.w3.org/TR/xhtml1/DTD/xhtml1-transitional.dtd">
<html xmlns="http://www.w3.org/1999/xhtml" xml:lang="en" lang="en">
 <head>
  <title>
</title>
<meta http-equiv="Content-Type" content="text/html;charset=utf-8" />
  <meta name='ocr-system' content='tesseract 3.04.00' />
  <meta name='ocr-capabilities' content='ocr_page ocr_carea ocr_par ocr_line ocrx_word'/>
</head>
<body>
  <div class='ocr_page' id='page_1' title='image "./lexiconvniversa03rascgoog_0552.png"; bbox 0 0 3775 5734; ppageno 0'>
   <div class='ocr_carea' id='block_1_1' title="bbox 806 432 1550 601">
    <p class='ocr_par' dir='ltr' id='par_1_1' title="bbox 806 432 1550 601">
     <span class='ocr_line' id='line_1_1' title="bbox 806 432 1550 601; baseline 0.007 -26"><span class='ocrx_word' id='word_1_1' title='bbox 806 458 810 467; x_wconf 31' lang='lat'>¹</span> <span class='ocrx_word' id='word_1_2' title='bbox 903 432 910 465; x_wconf 45' lang='grc' dir='ltr'><strong><em>Ι</em></strong></span> <span class='ocrx_word' id='word_1_3' title='bbox 1196 490 1267 573; x_wconf 62' lang='lat' dir='ltr'><strong>R</strong></span> <span class='ocrx_word' id='word_1_4' title='bbox 1405 488 1550 601; x_wconf 61' lang='lat' dir='ltr'>urta.</span> 
     </span>
    </p>
   </div>
   <div class='ocr_carea' id='block_1_2' title="bbox 366 643 1573 927">
    <p class='ocr_par' dir='ltr' id='par_1_2' title="bbox 366 643 1573 927">
     <span class='ocr_line' id='line_1_2' title="bbox 366 643 1573 765; baseline -0.005 -20"><span class='ocrx_word' id='word_1_5' title='bbox 366 704 395 763; x_wconf 56' lang='grc' dir='ltr'>μ</span> <span class='ocrx_word' id='word_1_6' title='bbox 424 684 455 747; x_wconf 90' lang='lat' dir='ltr'>in</span> <span class='ocrx_word' id='word_1_7' title='bbox 480 684 741 765; x_wconf 78' lang='lat' dir='ltr'>GraeciaMagna</span> <span class='ocrx_word' id='word_1_8' title='bbox 761 656 897 761; x_wconf 64' lang='lat' dir='ltr'>perraro,</span> <span class='ocrx_word' id='word_1_9' title='bbox 975 643 1077 743; x_wconf 75' lang='lat' dir='ltr'>Hauii</span> <span class='ocrx_word' id='word_1_10' title='bbox 1110 676 1166 741; x_wconf 81' lang='lat' dir='ltr'>dun</span> <span class='ocrx_word' id='word_1_11' title='bbox 1191 675 1324 759; x_wconf 57' lang='lat' dir='ltr'>babbata&#39;,</span> <span class='ocrx_word' id='word_1_12' title='bbox 1345 675 1468 757; x_wconf 62' lang='lat' dir='ltr'>cayster</span> <span class='ocrx_word' id='word_1_13' title='bbox 1497 690 1529 740; x_wconf 87' lang='lat' dir='ltr'>et</span> <span class='ocrx_word' id='word_1_14' title='bbox 1570 720 1573 727; x_wconf 88' lang='lat'>-</span> 
     </span>
     <span class='ocr_line' id='line_1_3' title="bbox 366 758 1528 927; baseline -0.002 -102"><span class='ocrx_word' id='word_1_15' title='bbox 366 765 519 827; x_wconf 72' lang='lat' dir='ltr'>carobs</span> <span class='ocrx_word' id='word_1_16' title='bbox 540 767 760 844; x_wconf 77' lang='lat' dir='ltr'><strong>Neapolitanis.</strong></span> <span class='ocrx_word' id='word_1_17' title='bbox 926 760 1102 927; x_wconf 51' lang='lat' dir='ltr'>gamus,</span> <span class='ocrx_word' id='word_1_18' title='bbox 1138 758 1314 825; x_wconf 87' lang='lat' dir='ltr'>intermedia</span> <span class='ocrx_word' id='word_1_19' title='bbox 1353 761 1458 831; x_wconf 77' lang='lat' dir='ltr'>Diona</span> <span class='ocrx_word' id='word_1_20' title='bbox 1493 774 1528 823; x_wconf 86' lang='lat' dir='ltr'>v.</span> 
     </span>
    </p>
   </div>
   <div class='ocr_carea' id='block_1_3' title="bbox 930 962 1525 1179">
    <p class='ocr_par' dir='ltr' id='par_1_3' title="bbox 930 962 1525 1179">
     <span class='ocr_line' id='line_1_4' title="bbox 930 962 1525 1081; baseline 0.002 -18"><span class='ocrx_word' id='word_1_21' title='bbox 930 1038 933 1047; x_wconf 79' lang='lat'><em>=</em></span> <span class='ocrx_word' id='word_1_22' title='bbox 965 1034 1010 1051; x_wconf 89' lang='lat'><em>-</em></span> <span class='ocrx_word' id='word_1_23' title='bbox 1048 1036 1110 1073; x_wconf 89' lang='lat'>-‚</span> <span class='ocrx_word' id='word_1_24' title='bbox 1133 962 1298 1071; x_wconf 71' lang='lat' dir='ltr'>Muenndtr</span> <span class='ocrx_word' id='word_1_25' title='bbox 1315 1017 1346 1064; x_wconf 88' lang='lat' dir='ltr'>et</span> <span class='ocrx_word' id='word_1_26' title='bbox 1368 997 1525 1081; x_wconf 64' lang='lat' dir='ltr'>Marsyas,</span> 
     </span>
     <span class='ocr_line' id='line_1_5' title="bbox 931 1082 1450 1179; baseline -0.01 -31"><span class='ocrx_word' id='word_1_27' title='bbox 931 1082 1036 1148; x_wconf 82' lang='lat' dir='ltr'>Diunn</span> <span class='ocrx_word' id='word_1_28' title='bbox 1052 1088 1287 1148; x_wconf 67' lang='lat' dir='ltr'>intermediae.</span> <span class='ocrx_word' id='word_1_29' title='bbox 1308 1084 1424 1147; x_wconf 77' lang='lat' dir='ltr'>Dione.</span> <span class='ocrx_word' id='word_1_30' title='bbox 1447 1170 1450 1179; x_wconf 32' lang='grc' dir='ltr'>Ι</span> 
     </span>
    </p>
   </div>
   <div class='ocr_carea' id='block_1_4' title="bbox 365 923 894 1084">
    <p class='ocr_par' dir='ltr' id='par_1_4' title="bbox 365 923 894 1084">
     <span class='ocr_line' id='line_1_6' title="bbox 365 923 894 1001; baseline 0.004 -16"><span class='ocrx_word' id='word_1_31' title='bbox 365 923 463 986; x_wconf 75' lang='lat' dir='ltr'>lartius</span> <span class='ocrx_word' id='word_1_32' title='bbox 483 926 554 1001; x_wconf 80' lang='lat' dir='ltr'>hinc</span> <span class='ocrx_word' id='word_1_33' title='bbox 581 943 612 989; x_wconf 91' lang='lat' dir='ltr'>et</span> <span class='ocrx_word' id='word_1_34' title='bbox 643 928 723 997; x_wconf 81' lang='lat' dir='ltr'>inde,</span> <span class='ocrx_word' id='word_1_35' title='bbox 756 944 786 994; x_wconf 90' lang='lat' dir='ltr'>n.</span> <span class='ocrx_word' id='word_1_36' title='bbox 814 924 894 987; x_wconf 72' lang='lat' dir='ltr'>Nu·</span> 
     </span>
     <span class='ocr_line' id='line_1_7' title="bbox 365 1010 515 1084; baseline 0.013 -17"><span class='ocrx_word' id='word_1_37' title='bbox 365 1022 377 1067; x_wconf 85' lang='lat' dir='ltr'>t</span> <span class='ocrx_word' id='word_1_38' title='bbox 397 1010 515 1084; x_wconf 80' lang='lat' dir='ltr'>Syriae.</span> 
     </span>
    </p>
   </div>
   <div class='ocr_carea' id='block_1_5' title="bbox 365 1164 1532 1571">
    <p class='ocr_par' dir='ltr' id='par_1_5' title="bbox 365 1164 895 1246">
     <span class='ocr_line' id='line_1_8' title="bbox 365 1164 895 1246; baseline 0 -20"><span class='ocrx_word' id='word_1_39' title='bbox 365 1165 441 1227; x_wconf 79' lang='lat' dir='ltr'>iunii</span> <span class='ocrx_word' id='word_1_40' title='bbox 457 1166 514 1227; x_wconf 74' lang='lat' dir='ltr'>dau</span> <span class='ocrx_word' id='word_1_41' title='bbox 532 1164 663 1245; x_wconf 74' lang='lat' dir='ltr'>barbuti.</span> <span class='ocrx_word' id='word_1_42' title='bbox 683 1186 713 1233; x_wconf 91' lang='lat' dir='ltr'>n.</span> <span class='ocrx_word' id='word_1_43' title='bbox 725 1165 895 1246; x_wconf 79' lang='lat' dir='ltr'>Magnciiae</span> 
     </span>
    </p>

    <p class='ocr_par' dir='ltr' id='par_1_6' title="bbox 369 1241 1524 1411">
     <span class='ocr_line' id='line_1_9' title="bbox 369 1241 1524 1329; baseline -0.001 -20"><span class='ocrx_word' id='word_1_44' title='bbox 369 1249 577 1311; x_wconf 84' lang='lat' dir='ltr'>Maeandrum.</span> <span class='ocrx_word' id='word_1_45' title='bbox 969 1276 1012 1293; x_wconf 88' lang='lat'>·-</span> <span class='ocrx_word' id='word_1_46' title='bbox 1046 1279 1106 1314; x_wconf 87' lang='lat'>-,</span> <span class='ocrx_word' id='word_1_47' title='bbox 1155 1241 1251 1329; x_wconf 77' lang='lat' dir='ltr'>Caper</span> <span class='ocrx_word' id='word_1_48' title='bbox 1265 1256 1299 1307; x_wconf 86' lang='lat' dir='ltr'>et</span> <span class='ocrx_word' id='word_1_49' title='bbox 1322 1243 1429 1321; x_wconf 75' lang='lat' dir='ltr'>Lycus,</span> <span class='ocrx_word' id='word_1_50' title='bbox 1445 1246 1524 1310; x_wconf 78' lang='lat' dir='ltr'>inter</span> 
     </span>
     <span class='ocr_line' id='line_1_10' title="bbox 659 1324 1468 1411; baseline -0.004 -20"><span class='ocrx_word' id='word_1_51' title='bbox 659 1368 663 1377; x_wconf 84' lang='lat'>·</span> <span class='ocrx_word' id='word_1_52' title='bbox 929 1345 1007 1406; x_wconf 85' lang='lat' dir='ltr'>quoa</span> <span class='ocrx_word' id='word_1_53' title='bbox 1024 1325 1146 1387; x_wconf 78' lang='lat' dir='ltr'>&#39;Genius</span> <span class='ocrx_word' id='word_1_54' title='bbox 1165 1326 1281 1389; x_wconf 79' lang='lat' dir='ltr'>sedena.</span> <span class='ocrx_word' id='word_1_55' title='bbox 1301 1342 1335 1388; x_wconf 82' lang='lat' dir='ltr'>v.</span> <span class='ocrx_word' id='word_1_56' title='bbox 1359 1324 1468 1411; x_wconf 71' lang='lat' dir='ltr'>Cuper-</span> 
     </span>
    </p>

    <p class='ocr_par' dir='ltr' id='par_1_7' title="bbox 365 1405 1532 1571">
     <span class='ocr_line' id='line_1_11' title="bbox 365 1405 894 1473; baseline 0.002 -1"><span class='ocrx_word' id='word_1_57' title='bbox 365 1438 381 1454; x_wconf 97' lang='lat'>·</span> <span class='ocrx_word' id='word_1_58' title='bbox 416 1438 457 1459; x_wconf 90' lang='lat'>·-</span> <span class='ocrx_word' id='word_1_59' title='bbox 497 1412 573 1472; x_wconf 86' lang='lat' dir='ltr'>aiter</span> <span class='ocrx_word' id='word_1_60' title='bbox 589 1411 732 1473; x_wconf 81' lang='lat' dir='ltr'>barbatus</span> <span class='ocrx_word' id='word_1_61' title='bbox 746 1407 821 1469; x_wconf 83' lang='lat' dir='ltr'>alter</span> <span class='ocrx_word' id='word_1_62' title='bbox 837 1405 894 1473; x_wconf 82' lang='lat' dir='ltr'>im·</span> 
     </span>
     <span class='ocr_line' id='line_1_12' title="bbox 365 1485 1532 1571; baseline 0.003 -22"><span class='ocrx_word' id='word_1_63' title='bbox 365 1490 411 1553; x_wconf 78' lang='lat' dir='ltr'>ria.</span> <span class='ocrx_word' id='word_1_64' title='bbox 432 1509 462 1553; x_wconf 86' lang='lat' dir='ltr'>a.</span> <span class='ocrx_word' id='word_1_65' title='bbox 479 1492 596 1565; x_wconf 85' lang='lat' dir='ltr'>Deulti,</span> <span class='ocrx_word' id='word_1_66' title='bbox 617 1494 793 1555; x_wconf 83' lang='lat' dir='ltr'>Stoboruur.</span> <span class='ocrx_word' id='word_1_67' title='bbox 973 1485 1074 1550; x_wconf 73' lang='lat' dir='ltr'>fluuii</span> <span class='ocrx_word' id='word_1_68' title='bbox 1087 1500 1176 1571; x_wconf 75' lang='lat' dir='ltr'>caput</span> <span class='ocrx_word' id='word_1_69' title='bbox 1194 1487 1224 1549; x_wconf 88' lang='lat' dir='ltr'>in</span> <span class='ocrx_word' id='word_1_70' title='bbox 1251 1487 1377 1548; x_wconf 69' lang='lat' dir='ltr'>numiu-</span> <span class='ocrx_word' id='word_1_71' title='bbox 1405 1489 1532 1559; x_wconf 77' lang='lat' dir='ltr'>Siciliae,</span> 
     </span>
    </p>
   </div>
   <div class='ocr_carea' id='block_1_6' title="bbox 833 1566 1621 1648">
    <p class='ocr_par' dir='ltr' id='par_1_8' title="bbox 833 1566 1621 1648">
     <span class='ocr_line' id='line_1_13' title="bbox 833 1566 1621 1648; baseline -0.008 -20"><span class='ocrx_word' id='word_1_72' title='bbox 833 1624 835 1628; x_wconf 87' lang='lat'>.</span> <span class='ocrx_word' id='word_1_73' title='bbox 926 1571 1123 1648; x_wconf 76' lang='lat' dir='ltr'>perfrequens</span> <span class='ocrx_word' id='word_1_74' title='bbox 1138 1568 1192 1643; x_wconf 83' lang='lat' dir='ltr'>est,</span> <span class='ocrx_word' id='word_1_75' title='bbox 1210 1585 1239 1627; x_wconf 81' lang='lat' dir='ltr'>e.</span> <span class='ocrx_word' id='word_1_76' title='bbox 1258 1585 1285 1628; x_wconf 88' lang='lat' dir='ltr'>c.</span> <span class='ocrx_word' id='word_1_77' title='bbox 1306 1566 1336 1628; x_wconf 87' lang='lat' dir='ltr'>in</span> <span class='ocrx_word' id='word_1_78' title='bbox 1362 1585 1392 1628; x_wconf 90' lang='lat' dir='ltr'>n.</span> <span class='ocrx_word' id='word_1_79' title='bbox 1412 1571 1527 1648; x_wconf 74' lang='lat' dir='ltr'>Agyri.</span> <span class='ocrx_word' id='word_1_80' title='bbox 1614 1598 1621 1607; x_wconf 87' lang='lat'><em>·</em></span> 
     </span>
    </p>
   </div>
   <div class='ocr_carea' id='block_1_7' title="bbox 360 1648 1621 5049">
    <p class='ocr_par' dir='ltr' id='par_1_9' title="bbox 360 1648 1621 5049">
     <span class='ocr_line' id='line_1_14' title="bbox 364 1648 1526 1728; baseline 0.001 -16"><span class='ocrx_word' id='word_1_81' title='bbox 364 1682 381 1696; x_wconf 91' lang='lat'>·</span> <span class='ocrx_word' id='word_1_82' title='bbox 414 1680 459 1698; x_wconf 82' lang='lat'><em>-</em></span> <span class='ocrx_word' id='word_1_83' title='bbox 499 1666 529 1712; x_wconf 89' lang='lat' dir='ltr'>et</span> <span class='ocrx_word' id='word_1_84' title='bbox 543 1651 640 1713; x_wconf 75' lang='lat' dir='ltr'>Diana</span> <span class='ocrx_word' id='word_1_85' title='bbox 656 1648 841 1713; x_wconf 83' lang='lat' dir='ltr'>intermedia.</span> <span class='ocrx_word' id='word_1_86' title='bbox 860 1665 891 1712; x_wconf 89' lang='lat' dir='ltr'>n.</span> <span class='ocrx_word' id='word_1_87' title='bbox 927 1650 1177 1728; x_wconf 78' lang='lat' dir='ltr'>nae,Agrigenti‚</span> <span class='ocrx_word' id='word_1_88' title='bbox 1194 1650 1336 1709; x_wconf 85' lang='lat' dir='ltr'>catanae.</span> <span class='ocrx_word' id='word_1_89' title='bbox 1354 1650 1526 1713; x_wconf 75' lang='lat' dir='ltr'>Gelaeetc.</span> 
     </span>
     <span class='ocr_line' id='line_1_15' title="bbox 364 1726 1525 1811; baseline 0 -18"><span class='ocrx_word' id='word_1_90' title='bbox 364 1734 414 1810; x_wconf 86' lang='lat' dir='ltr'>eii,</span> <span class='ocrx_word' id='word_1_91' title='bbox 437 1733 606 1811; x_wconf 74' lang='lat' dir='ltr'>Magnesiae</span> <span class='ocrx_word' id='word_1_92' title='bbox 925 1731 1036 1803; x_wconf 70' lang='lat' dir='ltr'>numia,</span> <span class='ocrx_word' id='word_1_93' title='bbox 1069 1733 1148 1805; x_wconf 81' lang='lat' dir='ltr'>apud</span> <span class='ocrx_word' id='word_1_94' title='bbox 1200 1726 1425 1789; x_wconf 76' lang='lat' dir='ltr'>Torremuzzuur</span> <span class='ocrx_word' id='word_1_95' title='bbox 1461 1733 1525 1793; x_wconf 87' lang='lat' dir='ltr'>sic.</span> 
     </span>
     <span class='ocr_line' id='line_1_16' title="bbox 578 1811 1527 1888; baseline 0.002 -17"><span class='ocrx_word' id='word_1_96' title='bbox 578 1846 583 1857; x_wconf 89' lang='lat'><strong>·</strong></span> <span class='ocrx_word' id='word_1_97' title='bbox 884 1840 889 1851; x_wconf 94' lang='lat'><strong>·</strong></span> <span class='ocrx_word' id='word_1_98' title='bbox 925 1811 1021 1873; x_wconf 85' lang='lat' dir='ltr'>Num.</span> <span class='ocrx_word' id='word_1_99' title='bbox 1035 1812 1097 1873; x_wconf 81' lang='lat' dir='ltr'>Tb.</span> <span class='ocrx_word' id='word_1_100' title='bbox 1124 1811 1246 1888; x_wconf 72' lang='lat' dir='ltr'>rufgg.</span> <span class='ocrx_word' id='word_1_101' title='bbox 1269 1825 1300 1885; x_wconf 82' lang='lat'>7.</span> <span class='ocrx_word' id='word_1_102' title='bbox 1319 1824 1349 1888; x_wconf 91' lang='lat'>9.</span> <span class='ocrx_word' id='word_1_103' title='bbox 1370 1824 1401 1871; x_wconf 89' lang='lat' dir='ltr'>et</span> <span class='ocrx_word' id='word_1_104' title='bbox 1415 1813 1527 1887; x_wconf 82' lang='lat' dir='ltr'>paffim.</span> 
     </span>
     <span class='ocr_line' id='line_1_17' title="bbox 364 1893 892 1971; baseline 0.004 -17"><span class='ocrx_word' id='word_1_105' title='bbox 364 1925 374 1941; x_wconf 89' lang='lat'><strong>·</strong></span> <span class='ocrx_word' id='word_1_106' title='bbox 414 1928 457 1945; x_wconf 89' lang='lat'>-</span> <span class='ocrx_word' id='word_1_107' title='bbox 497 1893 784 1971; x_wconf 74' lang='lat' dir='ltr'>decumbenteacutn</span> <span class='ocrx_word' id='word_1_108' title='bbox 794 1894 892 1956; x_wconf 83' lang='lat' dir='ltr'>vrnia.</span> 
     </span>
     <span class='ocr_line' id='line_1_18' title="bbox 364 1970 1527 2055; baseline -0.003 -15"><span class='ocrx_word' id='word_1_109' title='bbox 364 1980 524 2055; x_wconf 73' lang='lat' dir='ltr'>Apameae,</span> <span class='ocrx_word' id='word_1_110' title='bbox 549 1975 715 2034; x_wconf 73' lang='lat' dir='ltr'>Laodiceae</span> <span class='ocrx_word' id='word_1_111' title='bbox 738 1977 775 2035; x_wconf 87' lang='lat' dir='ltr'>ad</span> <span class='ocrx_word' id='word_1_112' title='bbox 802 1975 838 2035; x_wconf 88' lang='lat' dir='ltr'>Li</span> <span class='ocrx_word' id='word_1_113' title='bbox 942 1998 1008 2039; x_wconf 89' lang='lat'><strong><em>.·-·</em></strong></span> <span class='ocrx_word' id='word_1_114' title='bbox 1047 2002 1088 2019; x_wconf 92' lang='lat'><em>-</em></span> <span class='ocrx_word' id='word_1_115' title='bbox 1107 1970 1357 2033; x_wconf 83' lang='lat' dir='ltr'>iuuenilenudum</span> <span class='ocrx_word' id='word_1_116' title='bbox 1373 1974 1527 2036; x_wconf 86' lang='lat' dir='ltr'>cumduo·</span> 
     </span>
     <span class='ocr_line' id='line_1_19' title="bbox 364 2052 1528 2133; baseline -0.005 -12"><span class='ocrx_word' id='word_1_117' title='bbox 364 2096 376 2125; x_wconf 82' lang='lat'>.</span> <span class='ocrx_word' id='word_1_118' title='bbox 394 2055 544 2128; x_wconf 77' lang='lat' dir='ltr'>Perinthi,</span> <span class='ocrx_word' id='word_1_119' title='bbox 555 2056 663 2115; x_wconf 87' lang='lat' dir='ltr'>Saittcs</span> <span class='ocrx_word' id='word_1_120' title='bbox 679 2056 803 2133; x_wconf 77' lang='lat' dir='ltr'>Lydiae.</span> <span class='ocrx_word' id='word_1_121' title='bbox 923 2054 982 2114; x_wconf 88' lang='lat' dir='ltr'>bua</span> <span class='ocrx_word' id='word_1_122' title='bbox 997 2053 1151 2125; x_wconf 88' lang='lat' dir='ltr'>cornibur,</span> <span class='ocrx_word' id='word_1_123' title='bbox 1166 2067 1236 2113; x_wconf 91' lang='lat' dir='ltr'>ante</span> <span class='ocrx_word' id='word_1_124' title='bbox 1254 2052 1337 2129; x_wconf 88' lang='lat' dir='ltr'>quod</span> <span class='ocrx_word' id='word_1_125' title='bbox 1354 2070 1468 2127; x_wconf 77' lang='lat' dir='ltr'>rannus,</span> <span class='ocrx_word' id='word_1_126' title='bbox 1479 2056 1528 2119; x_wconf 88' lang='lat' dir='ltr'>ni·</span> 
     </span>
     <span class='ocr_line' id='line_1_20' title="bbox 923 2134 1561 2206; baseline 0.006 -11"><span class='ocrx_word' id='word_1_127' title='bbox 923 2134 1128 2204; x_wconf 83' lang='lat' dir='ltr'>ficoronaest‚</span> <span class='ocrx_word' id='word_1_128' title='bbox 1142 2147 1239 2193; x_wconf 89' lang='lat' dir='ltr'>toturn</span> <span class='ocrx_word' id='word_1_129' title='bbox 1254 2150 1364 2206; x_wconf 86' lang='lat' dir='ltr'>corpus</span> <span class='ocrx_word' id='word_1_130' title='bbox 1380 2136 1530 2205; x_wconf 69' lang='lat' dir='ltr'>ambiens.</span> <span class='ocrx_word' id='word_1_131' title='bbox 1558 2156 1561 2163; x_wconf 76' lang='grc'>’</span> 
     </span>
     <span class='ocr_line' id='line_1_21' title="bbox 364 2211 1594 2291; baseline 0.001 -14"><span class='ocrx_word' id='word_1_132' title='bbox 364 2220 376 2265; x_wconf 78' lang='grc'>·“</span> <span class='ocrx_word' id='word_1_133' title='bbox 412 2251 455 2267; x_wconf 90' lang='lat'>-</span> <span class='ocrx_word' id='word_1_134' title='bbox 495 2217 707 2279; x_wconf 79' lang='lat' dir='ltr'>decumbentes</span> <span class='ocrx_word' id='word_1_135' title='bbox 726 2232 763 2277; x_wconf 81' lang='lat' dir='ltr'>er</span> <span class='ocrx_word' id='word_1_136' title='bbox 784 2216 892 2277; x_wconf 84' lang='lat' dir='ltr'>eodem</span> <span class='ocrx_word' id='word_1_137' title='bbox 924 2214 975 2277; x_wconf 64' lang='grc' dir='ltr'>Ε.</span> <span class='ocrx_word' id='word_1_138' title='bbox 1000 2216 1030 2274; x_wconf 81' lang='grc' dir='ltr'>Α</span> <span class='ocrx_word' id='word_1_139' title='bbox 1051 2212 1109 2291; x_wconf 87' lang='lat' dir='ltr'>y&#39;rii</span> <span class='ocrx_word' id='word_1_140' title='bbox 1130 2213 1260 2274; x_wconf 83' lang='lat' dir='ltr'>Siciliae.</span> <span class='ocrx_word' id='word_1_141' title='bbox 1291 2211 1409 2275; x_wconf 78' lang='lat' dir='ltr'>Ecichei.</span> <span class='ocrx_word' id='word_1_142' title='bbox 1430 2214 1523 2279; x_wconf 87' lang='lat' dir='ltr'>Num.</span> <span class='ocrx_word' id='word_1_143' title='bbox 1591 2258 1594 2267; x_wconf 80' lang='lat'><em>,</em></span> 
     </span>
     <span class='ocr_line' id='line_1_22' title="bbox 364 2294 1542 2374; baseline -0.001 -13"><span class='ocrx_word' id='word_1_144' title='bbox 364 2320 397 2363; x_wconf 88' lang='lat' dir='ltr'>e.</span> <span class='ocrx_word' id='word_1_145' title='bbox 419 2318 451 2363; x_wconf 92' lang='lat' dir='ltr'>n.</span> <span class='ocrx_word' id='word_1_146' title='bbox 468 2298 614 2365; x_wconf 76' lang='lat' dir='ltr'>Amafiae.</span> <span class='ocrx_word' id='word_1_147' title='bbox 926 2294 998 2356; x_wconf 85' lang='lat' dir='ltr'>Vet.</span> <span class='ocrx_word' id='word_1_148' title='bbox 1053 2299 1083 2356; x_wconf 90' lang='lat' dir='ltr'>b.</span> <span class='ocrx_word' id='word_1_149' title='bbox 1103 2313 1133 2371; x_wconf 83' lang='lat'>4.</span> <span class='ocrx_word' id='word_1_150' title='bbox 1145 2296 1187 2371; x_wconf 82' lang='lat' dir='ltr'>ig.</span> <span class='ocrx_word' id='word_1_151' title='bbox 1200 2309 1230 2374; x_wconf 89' lang='lat'>7.</span> <span class='ocrx_word' id='word_1_152' title='bbox 1252 2312 1282 2369; x_wconf 88' lang='lat' dir='ltr'>p.</span> <span class='ocrx_word' id='word_1_153' title='bbox 1304 2297 1356 2373; x_wconf 86' lang='lat'>46.</span> <span class='ocrx_word' id='word_1_154' title='bbox 1394 2298 1542 2361; x_wconf 70' lang='lat' dir='ltr'>Androc-</span> 
     </span>
     <span class='ocr_line' id='line_1_23' title="bbox 457 2373 1526 2454; baseline 0.003 -18"><span class='ocrx_word' id='word_1_155' title='bbox 457 2434 460 2441; x_wconf 89' lang='grc'><strong>,</strong></span> <span class='ocrx_word' id='word_1_156' title='bbox 668 2394 672 2402; x_wconf 94' lang='grc'><em>·</em></span> <span class='ocrx_word' id='word_1_157' title='bbox 922 2377 1023 2451; x_wconf 85' lang='lat' dir='ltr'>capite</span> <span class='ocrx_word' id='word_1_158' title='bbox 1041 2373 1204 2436; x_wconf 83' lang='lat' dir='ltr'>Simuetbus</span> <span class='ocrx_word' id='word_1_159' title='bbox 1224 2377 1272 2435; x_wconf 91' lang='lat' dir='ltr'>cui</span> <span class='ocrx_word' id='word_1_160' title='bbox 1297 2379 1370 2444; x_wconf 78' lang='lat' dir='ltr'>vrbe</span> <span class='ocrx_word' id='word_1_161' title='bbox 1391 2378 1526 2454; x_wconf 69' lang='lat' dir='ltr'>Agyrium</span> 
     </span>
     <span class='ocr_line' id='line_1_24' title="bbox 363 2449 1526 2541; baseline 0 -22"><span class='ocrx_word' id='word_1_162' title='bbox 363 2492 376 2511; x_wconf 87' lang='lat'><em>-</em></span> <span class='ocrx_word' id='word_1_163' title='bbox 412 2492 454 2509; x_wconf 85' lang='lat'>-</span> <span class='ocrx_word' id='word_1_164' title='bbox 497 2456 594 2541; x_wconf 73' lang='lat' dir='ltr'>Caper</span> <span class='ocrx_word' id='word_1_165' title='bbox 636 2469 668 2517; x_wconf 85' lang='lat' dir='ltr'>et</span> <span class='ocrx_word' id='word_1_166' title='bbox 700 2452 809 2531; x_wconf 76' lang='lat' dir='ltr'>Lycus,</span> <span class='ocrx_word' id='word_1_167' title='bbox 852 2454 889 2516; x_wconf 83' lang='lat' dir='ltr'>ad</span> <span class='ocrx_word' id='word_1_168' title='bbox 923 2458 1139 2529; x_wconf 85' lang='lat' dir='ltr'>adiacebar,ao</span> <span class='ocrx_word' id='word_1_169' title='bbox 1157 2449 1526 2534; x_wconf 62' lang='lat' dir='ltr'>Chtyficnquingytino-</span> 
     </span>
     <span class='ocr_line' id='line_1_25' title="bbox 363 2536 1527 2619; baseline 0.001 -18"><span class='ocrx_word' id='word_1_170' title='bbox 363 2536 661 2619; x_wconf 57' lang='lat' dir='ltr'>auguranatannui.</span> <span class='ocrx_word' id='word_1_171' title='bbox 674 2538 888 2597; x_wconf 86' lang='lat' dir='ltr'>adlatuaicun·</span> <span class='ocrx_word' id='word_1_172' title='bbox 922 2555 990 2599; x_wconf 87' lang='lat' dir='ltr'>runt</span> <span class='ocrx_word' id='word_1_173' title='bbox 1010 2540 1100 2615; x_wconf 72' lang='lat' dir='ltr'>&#39;agros</span> <span class='ocrx_word' id='word_1_174' title='bbox 1120 2537 1249 2614; x_wconf 77' lang='lat' dir='ltr'>rigabat,</span> <span class='ocrx_word' id='word_1_175' title='bbox 1270 2538 1419 2598; x_wconf 89' lang='lat' dir='ltr'>indicetur</span> <span class='ocrx_word' id='word_1_176' title='bbox 1437 2540 1527 2602; x_wconf 86' lang='lat' dir='ltr'>dubi·</span> 
     </span>
     <span class='ocr_line' id='line_1_26' title="bbox 363 2614 1524 2704; baseline 0.001 -20"><span class='ocrx_word' id='word_1_177' title='bbox 363 2614 578 2704; x_wconf 77' lang='lat' dir='ltr'>cum&#39;ternone¹</span> <span class='ocrx_word' id='word_1_178' title='bbox 592 2619 717 2679; x_wconf 86' lang='lat' dir='ltr'>Laodic.</span> <span class='ocrx_word' id='word_1_179' title='bbox 728 2617 885 2697; x_wconf 77' lang='lat' dir='ltr'>Phrygiae.</span> <span class='ocrx_word' id='word_1_180' title='bbox 922 2616 980 2681; x_wconf 85' lang='lat' dir='ltr'>t&#39;ari</span> <span class='ocrx_word' id='word_1_181' title='bbox 999 2617 1106 2693; x_wconf 79' lang='lat' dir='ltr'>potest.</span> <span class='ocrx_word' id='word_1_182' title='bbox 1150 2618 1345 2700; x_wconf 77' lang='lat' dir='ltr'>Hono-eump.</span> <span class='ocrx_word' id='word_1_183' title='bbox 1371 2621 1408 2679; x_wconf 84' lang='lat' dir='ltr'>nd</span> <span class='ocrx_word' id='word_1_184' title='bbox 1428 2621 1524 2685; x_wconf 84' lang='lat' dir='ltr'>Num.</span> 
     </span>
     <span class='ocr_line' id='line_1_27' title="bbox 924 2698 1524 2780; baseline 0.008 -21"><span class='ocrx_word' id='word_1_185' title='bbox 924 2698 1058 2760; x_wconf 77' lang='lat' dir='ltr'>Paratae</span> <span class='ocrx_word' id='word_1_186' title='bbox 1070 2716 1099 2774; x_wconf 91' lang='lat' dir='ltr'>p.</span> <span class='ocrx_word' id='word_1_187' title='bbox 1110 2700 1181 2777; x_wconf 81' lang='lat'>⁶34·</span> <span class='ocrx_word' id='word_1_188' title='bbox 1199 2698 1409 2767; x_wconf 83' lang='lat' dir='ltr'>exSimnetho,</span> <span class='ocrx_word' id='word_1_189' title='bbox 1420 2701 1524 2780; x_wconf 81' lang='lat' dir='ltr'>Chry·</span> 
     </span>
     <span class='ocr_line' id='line_1_28' title="bbox 363 2778 1525 2858; baseline 0.003 -16"><span class='ocrx_word' id='word_1_190' title='bbox 363 2814 371 2829; x_wconf 89' lang='lat'>·</span> <span class='ocrx_word' id='word_1_191' title='bbox 410 2806 467 2832; x_wconf 63' lang='grc' dir='ltr'>-ν</span> <span class='ocrx_word' id='word_1_192' title='bbox 491 2783 628 2843; x_wconf 77' lang='lat' dir='ltr'>sedentes</span> <span class='ocrx_word' id='word_1_193' title='bbox 651 2778 775 2841; x_wconf 88' lang='lat' dir='ltr'>muliere</span> <span class='ocrx_word' id='word_1_194' title='bbox 796 2779 887 2838; x_wconf 87' lang='lat' dir='ltr'>inter·</span> <span class='ocrx_word' id='word_1_195' title='bbox 924 2780 969 2852; x_wconf 86' lang='lat' dir='ltr'>sa,</span> <span class='ocrx_word' id='word_1_196' title='bbox 988 2781 1111 2842; x_wconf 79' lang='lat' dir='ltr'>Adrano</span> <span class='ocrx_word' id='word_1_197' title='bbox 1143 2796 1233 2841; x_wconf 86' lang='lat' dir='ltr'>vnum</span> <span class='ocrx_word' id='word_1_198' title='bbox 1259 2783 1445 2858; x_wconf 85' lang='lat' dir='ltr'>eundemque</span> <span class='ocrx_word' id='word_1_199' title='bbox 1467 2786 1525 2845; x_wconf 83' lang='lat' dir='ltr'>flu·</span> 
     </span>
     <span class='ocr_line' id='line_1_29' title="bbox 363 2859 1579 2943; baseline 0.002 -20"><span class='ocrx_word' id='word_1_200' title='bbox 363 2882 398 2939; x_wconf 79' lang='lat' dir='ltr'>a,</span> <span class='ocrx_word' id='word_1_201' title='bbox 429 2881 507 2943; x_wconf 81' lang='lat' dir='ltr'>quae</span> <span class='ocrx_word' id='word_1_202' title='bbox 535 2865 624 2933; x_wconf 80' lang='lat' dir='ltr'>stans,</span> <span class='ocrx_word' id='word_1_203' title='bbox 650 2860 679 2920; x_wconf 90' lang='lat' dir='ltr'>d.</span> <span class='ocrx_word' id='word_1_204' title='bbox 705 2860 787 2919; x_wconf 85' lang='lat' dir='ltr'>elata</span> <span class='ocrx_word' id='word_1_205' title='bbox 816 2859 890 2921; x_wconf 78' lang='lat' dir='ltr'>duta</span> <span class='ocrx_word' id='word_1_206' title='bbox 922 2863 1020 2934; x_wconf 86' lang='lat' dir='ltr'>uium,</span> <span class='ocrx_word' id='word_1_207' title='bbox 1041 2862 1160 2938; x_wconf 88' lang='lat' dir='ltr'>quidem</span> <span class='ocrx_word' id='word_1_208' title='bbox 1174 2861 1249 2921; x_wconf 82' lang='lat' dir='ltr'>facit</span> <span class='ocrx_word' id='word_1_209' title='bbox 1269 2861 1391 2923; x_wconf 84' lang='lat' dir='ltr'>diuerfia</span> <span class='ocrx_word' id='word_1_210' title='bbox 1406 2878 1524 2926; x_wconf 76' lang='lat' dir='ltr'>tantam</span> <span class='ocrx_word' id='word_1_211' title='bbox 1573 2902 1579 2914; x_wconf 55' lang='grc' dir='ltr'>ι</span> 
     </span>
     <span class='ocr_line' id='line_1_30' title="bbox 363 2938 1524 3020; baseline 0.004 -15"><span class='ocrx_word' id='word_1_212' title='bbox 363 2946 422 3009; x_wconf 71' lang='lat' dir='ltr'>ns.</span> <span class='ocrx_word' id='word_1_213' title='bbox 442 2945 529 3007; x_wconf 82' lang='lat' dir='ltr'>nauis</span> <span class='ocrx_word' id='word_1_214' title='bbox 545 2941 775 3020; x_wconf 82' lang='lat' dir='ltr'>gubernaculum</span> <span class='ocrx_word' id='word_1_215' title='bbox 789 2938 890 2999; x_wconf 87' lang='lat' dir='ltr'>inuer-</span> <span class='ocrx_word' id='word_1_216' title='bbox 922 2942 1103 3013; x_wconf 79' lang='lat' dir='ltr'>vocabulis,</span> <span class='ocrx_word' id='word_1_217' title='bbox 1124 2938 1299 3019; x_wconf 71' lang='lat' dir='ltr'>Geographi</span> <span class='ocrx_word' id='word_1_218' title='bbox 1318 2959 1393 3006; x_wconf 90' lang='lat' dir='ltr'>vero</span> <span class='ocrx_word' id='word_1_219' title='bbox 1416 2962 1524 3011; x_wconf 71' lang='lat' dir='ltr'>omnes</span> 
     </span>
     <span class='ocr_line' id='line_1_31' title="bbox 380 3018 1292 3103; baseline -0.008 -15"><span class='ocrx_word' id='word_1_220' title='bbox 380 3045 413 3090; x_wconf 90' lang='lat' dir='ltr'>n.</span> <span class='ocrx_word' id='word_1_221' title='bbox 432 3028 559 3087; x_wconf 83' lang='lat' dir='ltr'>Galbae.</span> <span class='ocrx_word' id='word_1_222' title='bbox 584 3020 690 3083; x_wconf 76' lang='lat' dir='ltr'>Subula</span> <span class='ocrx_word' id='word_1_223' title='bbox 701 3018 835 3083; x_wconf 85' lang='lat' dir='ltr'>MzCab.</span> <span class='ocrx_word' id='word_1_224' title='bbox 847 3018 888 3082; x_wconf 70' lang='grc' dir='ltr'>ΙΙ.</span> <span class='ocrx_word' id='word_1_225' title='bbox 920 3038 978 3082; x_wconf 82' lang='lat' dir='ltr'>eoa</span> <span class='ocrx_word' id='word_1_226' title='bbox 994 3022 1164 3099; x_wconf 80' lang='lat' dir='ltr'>diiiiguuut.</span> <span class='ocrx_word' id='word_1_227' title='bbox 1254 3058 1292 3103; x_wconf 50' lang='lat' dir='ltr'>a„</span> 
     </span>
     <span class='ocr_line' id='line_1_32' title="bbox 374 3109 640 3186; baseline -0.008 -19"><span class='ocrx_word' id='word_1_228' title='bbox 374 3109 640 3186; x_wconf 58' lang='lat' dir='ltr'>Lspnpm</span> 
     </span>
     <span class='ocr_line' id='line_1_33' title="bbox 759 3180 1524 3265; baseline 0.012 -24"><span class='ocrx_word' id='word_1_229' title='bbox 759 3232 765 3241; x_wconf 90' lang='lat'>.</span> <span class='ocrx_word' id='word_1_230' title='bbox 965 3180 1066 3245; x_wconf 77' lang='lat' dir='ltr'>Huuii</span> <span class='ocrx_word' id='word_1_231' title='bbox 1083 3184 1350 3265; x_wconf 54' lang='lat' dir='ltr'>commended</span> <span class='ocrx_word' id='word_1_232' title='bbox 1360 3202 1427 3248; x_wconf 83' lang='lat' dir='ltr'>cunt</span> <span class='ocrx_word' id='word_1_233' title='bbox 1452 3202 1524 3250; x_wconf 88' lang='lat' dir='ltr'>cor·</span> 
     </span>
     <span class='ocr_line' id='line_1_34' title="bbox 362 3263 1525 3342; baseline 0 -13"><span class='ocrx_word' id='word_1_234' title='bbox 362 3301 368 3315; x_wconf 91' lang='lat'><strong>·</strong></span> <span class='ocrx_word' id='word_1_235' title='bbox 407 3298 451 3316; x_wconf 91' lang='lat'><em>-</em></span> <span class='ocrx_word' id='word_1_236' title='bbox 490 3266 625 3331; x_wconf 79' lang='lat' dir='ltr'>sedenter</span> <span class='ocrx_word' id='word_1_237' title='bbox 649 3280 717 3326; x_wconf 82' lang='lat' dir='ltr'>curn</span> <span class='ocrx_word' id='word_1_238' title='bbox 744 3263 888 3331; x_wconf 81' lang='lat' dir='ltr'>arundine</span> <span class='ocrx_word' id='word_1_239' title='bbox 920 3264 1011 3326; x_wconf 82' lang='lat' dir='ltr'>nibus</span> <span class='ocrx_word' id='word_1_240' title='bbox 1028 3268 1154 3327; x_wconf 84' lang='lat' dir='ltr'>taurinis</span> <span class='ocrx_word' id='word_1_241' title='bbox 1176 3267 1207 3328; x_wconf 86' lang='lat' dir='ltr'>in</span> <span class='ocrx_word' id='word_1_242' title='bbox 1228 3269 1325 3328; x_wconf 83' lang='lat' dir='ltr'>numia</span> <span class='ocrx_word' id='word_1_243' title='bbox 1340 3268 1425 3342; x_wconf 77' lang='lat' dir='ltr'>saepe</span> <span class='ocrx_word' id='word_1_244' title='bbox 1437 3269 1525 3329; x_wconf 84' lang='lat' dir='ltr'>exbi-</span> 
     </span>
     <span class='ocr_line' id='line_1_35' title="bbox 362 3345 1524 3426; baseline -0.001 -14"><span class='ocrx_word' id='word_1_245' title='bbox 362 3366 428 3415; x_wconf 82' lang='lat' dir='ltr'>rua,</span> <span class='ocrx_word' id='word_1_246' title='bbox 449 3366 486 3410; x_wconf 83' lang='lat' dir='ltr'>ex</span> <span class='ocrx_word' id='word_1_247' title='bbox 507 3365 566 3426; x_wconf 83' lang='lat' dir='ltr'>qua</span> <span class='ocrx_word' id='word_1_248' title='bbox 588 3364 664 3424; x_wconf 83' lang='lat' dir='ltr'>aqua</span> <span class='ocrx_word' id='word_1_249' title='bbox 685 3345 818 3425; x_wconf 81' lang='lat' dir='ltr'>profluit,</span> <span class='ocrx_word' id='word_1_250' title='bbox 836 3345 887 3403; x_wconf 86' lang='lat' dir='ltr'>de·</span> <span class='ocrx_word' id='word_1_251' title='bbox 922 3349 1048 3421; x_wconf 67' lang='lat' dir='ltr'>bentur3</span> <span class='ocrx_word' id='word_1_252' title='bbox 1076 3365 1151 3425; x_wconf 87' lang='lat' dir='ltr'>quac</span> <span class='ocrx_word' id='word_1_253' title='bbox 1175 3365 1289 3411; x_wconf 85' lang='lat' dir='ltr'>cornua</span> <span class='ocrx_word' id='word_1_254' title='bbox 1315 3350 1358 3408; x_wconf 89' lang='lat' dir='ltr'>eis</span> <span class='ocrx_word' id='word_1_255' title='bbox 1385 3350 1524 3411; x_wconf 85' lang='lat' dir='ltr'>ttibuun-</span> 
     </span>
     <span class='ocr_line' id='line_1_36' title="bbox 362 3425 1522 3508; baseline -0.001 -15"><span class='ocrx_word' id='word_1_256' title='bbox 362 3450 376 3493; x_wconf 91' lang='lat' dir='ltr'>r</span> <span class='ocrx_word' id='word_1_257' title='bbox 399 3431 567 3506; x_wconf 79' lang='lat' dir='ltr'>Imperator</span> <span class='ocrx_word' id='word_1_258' title='bbox 604 3429 680 3503; x_wconf 78' lang='lat' dir='ltr'>stans</span> <span class='ocrx_word' id='word_1_259' title='bbox 709 3444 725 3487; x_wconf 89' lang='lat' dir='ltr'>a</span> <span class='ocrx_word' id='word_1_260' title='bbox 752 3425 889 3499; x_wconf 67' lang='lat' dir='ltr'>Vidoria</span> <span class='ocrx_word' id='word_1_261' title='bbox 922 3426 1030 3490; x_wconf 86' lang='lat' dir='ltr'>turvel</span> <span class='ocrx_word' id='word_1_262' title='bbox 1045 3430 1240 3505; x_wconf 77' lang='lat' dir='ltr'>obnaugitum</span> <span class='ocrx_word' id='word_1_263' title='bbox 1257 3444 1410 3490; x_wconf 86' lang='lat' dir='ltr'>taurorum</span> <span class='ocrx_word' id='word_1_264' title='bbox 1427 3447 1522 3508; x_wconf 86' lang='lat' dir='ltr'>aquae</span> 
     </span>
     <span class='ocr_line' id='line_1_37' title="bbox 362 3508 1524 3587; baseline -0.001 -13"><span class='ocrx_word' id='word_1_265' title='bbox 362 3524 464 3584; x_wconf 82' lang='lat' dir='ltr'>natur,</span> <span class='ocrx_word' id='word_1_266' title='bbox 485 3527 547 3587; x_wconf 91' lang='lat' dir='ltr'>quo</span> <span class='ocrx_word' id='word_1_267' title='bbox 565 3508 648 3569; x_wconf 79' lang='lat' dir='ltr'>simul</span> <span class='ocrx_word' id='word_1_268' title='bbox 668 3509 803 3569; x_wconf 80' lang='lat' dir='ltr'>dextrum</span> <span class='ocrx_word' id='word_1_269' title='bbox 821 3508 888 3567; x_wconf 90' lang='lat' dir='ltr'>iun·</span> <span class='ocrx_word' id='word_1_270' title='bbox 920 3508 1050 3573; x_wconf 85' lang='lat' dir='ltr'>sonitum</span> <span class='ocrx_word' id='word_1_271' title='bbox 1064 3509 1198 3576; x_wconf 87' lang='lat' dir='ltr'>srmiiem,</span> <span class='ocrx_word' id='word_1_272' title='bbox 1209 3510 1260 3571; x_wconf 86' lang='lat' dir='ltr'>trel</span> <span class='ocrx_word' id='word_1_273' title='bbox 1267 3512 1309 3571; x_wconf 89' lang='lat' dir='ltr'>ob</span> <span class='ocrx_word' id='word_1_274' title='bbox 1317 3511 1410 3572; x_wconf 83' lang='lat' dir='ltr'>flexus</span> <span class='ocrx_word' id='word_1_275' title='bbox 1418 3512 1524 3573; x_wconf 87' lang='lat' dir='ltr'>alueo·</span> 
     </span>
     <span class='ocr_line' id='line_1_38' title="bbox 362 3588 1523 3668; baseline 0.001 -14"><span class='ocrx_word' id='word_1_276' title='bbox 362 3610 429 3655; x_wconf 87' lang='lat' dir='ltr'>cum</span> <span class='ocrx_word' id='word_1_277' title='bbox 458 3593 563 3668; x_wconf 56' lang='lat' dir='ltr'>figure</span> <span class='ocrx_word' id='word_1_278' title='bbox 575 3588 707 3649; x_wconf 80' lang='lat' dir='ltr'>militari.</span> <span class='ocrx_word' id='word_1_279' title='bbox 738 3590 777 3649; x_wconf 82' lang='lat' dir='ltr'>AE</span> <span class='ocrx_word' id='word_1_280' title='bbox 805 3601 885 3648; x_wconf 83' lang='lat' dir='ltr'>anax.</span> <span class='ocrx_word' id='word_1_281' title='bbox 921 3608 1001 3664; x_wconf 85' lang='lat' dir='ltr'>runt,</span> <span class='ocrx_word' id='word_1_282' title='bbox 1033 3591 1083 3667; x_wconf 84' lang='lat' dir='ltr'>qui</span> <span class='ocrx_word' id='word_1_283' title='bbox 1115 3607 1228 3652; x_wconf 74' lang='lat' dir='ltr'>cornua</span> <span class='ocrx_word' id='word_1_284' title='bbox 1260 3590 1398 3653; x_wconf 78' lang='lat' dir='ltr'>dicunteu</span> <span class='ocrx_word' id='word_1_285' title='bbox 1442 3594 1523 3668; x_wconf 88' lang='lat' dir='ltr'>apud</span> 
     </span>
     <span class='ocr_line' id='line_1_39' title="bbox 362 3660 1523 3749; baseline 0 -15"><span class='ocrx_word' id='word_1_286' title='bbox 362 3674 439 3737; x_wconf 78' lang='lat' dir='ltr'>iiani</span> <span class='ocrx_word' id='word_1_287' title='bbox 468 3672 525 3733; x_wconf 88' lang='lat' dir='ltr'>Pii.</span> <span class='ocrx_word' id='word_1_288' title='bbox 550 3660 661 3735; x_wconf 60' lang='lat' dir='ltr'>‘Cimb</span> <span class='ocrx_word' id='word_1_289' title='bbox 701 3666 825 3729; x_wconf 78' lang='lat' dir='ltr'>Vindob.</span> <span class='ocrx_word' id='word_1_290' title='bbox 852 3670 886 3730; x_wconf 85' lang='lat'>11.</span> <span class='ocrx_word' id='word_1_291' title='bbox 922 3666 1029 3734; x_wconf 67' lang='lat' dir='ltr'>Set-ab.</span> <span class='ocrx_word' id='word_1_292' title='bbox 1046 3671 1083 3733; x_wconf 89' lang='lat' dir='ltr'>L.</span> <span class='ocrx_word' id='word_1_293' title='bbox 1093 3672 1132 3732; x_wconf 85' lang='lat' dir='ltr'>X.</span> <span class='ocrx_word' id='word_1_294' title='bbox 1149 3676 1274 3749; x_wconf 51' lang='lat' dir='ltr'>pom.</span> <span class='ocrx_word' id='word_1_295' title='bbox 1298 3671 1347 3732; x_wconf 86' lang='lat' dir='ltr'>sic</span> <span class='ocrx_word' id='word_1_296' title='bbox 1367 3669 1523 3735; x_wconf 76' lang='lat' dir='ltr'>Acheloum</span> 
     </span>
     <span class='ocr_line' id='line_1_40' title="bbox 374 3748 1523 3835; baseline 0.001 -21"><span class='ocrx_word' id='word_1_297' title='bbox 374 3770 426 3834; x_wconf 87' lang='lat'>74.</span> <span class='ocrx_word' id='word_1_298' title='bbox 443 3754 486 3833; x_wconf 77' lang='lat' dir='ltr'>ig.</span> <span class='ocrx_word' id='word_1_299' title='bbox 508 3752 559 3835; x_wconf 82' lang='lat' dir='ltr'>n.)</span> <span class='ocrx_word' id='word_1_300' title='bbox 583 3748 698 3813; x_wconf 82' lang='lat' dir='ltr'>Etithel.</span> <span class='ocrx_word' id='word_1_301' title='bbox 720 3751 787 3812; x_wconf 90' lang='lat' dir='ltr'>Cat.</span> <span class='ocrx_word' id='word_1_302' title='bbox 803 3750 838 3815; x_wconf 88' lang='lat'>11.</span> <span class='ocrx_word' id='word_1_303' title='bbox 920 3753 1130 3814; x_wconf 80' lang='lat' dir='ltr'>eum·taurino</span> <span class='ocrx_word' id='word_1_304' title='bbox 1152 3769 1248 3813; x_wconf 90' lang='lat' dir='ltr'>cornu</span> <span class='ocrx_word' id='word_1_305' title='bbox 1266 3753 1415 3825; x_wconf 75' lang='lat' dir='ltr'>depictum</span> <span class='ocrx_word' id='word_1_306' title='bbox 1434 3755 1523 3832; x_wconf 59' lang='lat' dir='ltr'>palti·</span> 
     </span>
     <span class='ocr_line' id='line_1_41' title="bbox 919 3831 1524 3898; baseline 0.005 -3"><span class='ocrx_word' id='word_1_307' title='bbox 919 3836 996 3895; x_wconf 86' lang='lat' dir='ltr'>beot</span> <span class='ocrx_word' id='word_1_308' title='bbox 1013 3831 1120 3893; x_wconf 82' lang='lat' dir='ltr'>vetusti</span> <span class='ocrx_word' id='word_1_309' title='bbox 1146 3835 1229 3895; x_wconf 87' lang='lat' dir='ltr'>numi</span> <span class='ocrx_word' id='word_1_310' title='bbox 1260 3834 1524 3898; x_wconf 82' lang='lat' dir='ltr'>Ambraciotam&#39;rn</span> 
     </span>
     <span class='ocr_line' id='line_1_42' title="bbox 362 3913 1521 3991; baseline 0 -14"><span class='ocrx_word' id='word_1_311' title='bbox 362 3952 370 3969; x_wconf 85' lang='lat'><strong>·</strong></span> <span class='ocrx_word' id='word_1_312' title='bbox 408 3946 452 3964; x_wconf 92' lang='lat'><em>-</em></span> <span class='ocrx_word' id='word_1_313' title='bbox 475 3914 561 3977; x_wconf 82' lang='lat' dir='ltr'>humi</span> <span class='ocrx_word' id='word_1_314' title='bbox 577 3917 822 3989; x_wconf 72' lang='lat' dir='ltr'>procumbentes,</span> <span class='ocrx_word' id='word_1_315' title='bbox 837 3913 888 3990; x_wconf 85' lang='lat' dir='ltr'>qui</span> <span class='ocrx_word' id='word_1_316' title='bbox 921 3928 954 3976; x_wconf 89' lang='lat' dir='ltr'>et</span> <span class='ocrx_word' id='word_1_317' title='bbox 974 3915 1176 3987; x_wconf 83' lang='lat' dir='ltr'>Acarnanum,</span> <span class='ocrx_word' id='word_1_318' title='bbox 1192 3930 1269 3991; x_wconf 85' lang='lat' dir='ltr'>quoa</span> <span class='ocrx_word' id='word_1_319' title='bbox 1287 3915 1364 3975; x_wconf 84' lang='lat' dir='ltr'>male</span> <span class='ocrx_word' id='word_1_320' title='bbox 1386 3914 1521 3977; x_wconf 81' lang='lat' dir='ltr'>Nonniae</span> 
     </span>
     <span class='ocr_line' id='line_1_43' title="bbox 370 3991 1520 4076; baseline -0.003 -14"><span class='ocrx_word' id='word_1_321' title='bbox 370 4015 462 4061; x_wconf 88' lang='lat' dir='ltr'>manu</span> <span class='ocrx_word' id='word_1_322' title='bbox 490 3997 665 4057; x_wconf 84' lang='lat' dir='ltr'>arundinem</span> <span class='ocrx_word' id='word_1_323' title='bbox 684 4008 779 4066; x_wconf 88' lang='lat' dir='ltr'>tenet,</span> <span class='ocrx_word' id='word_1_324' title='bbox 797 3994 891 4053; x_wconf 83' lang='lat' dir='ltr'>altera</span> <span class='ocrx_word' id='word_1_325' title='bbox 922 3996 961 4059; x_wconf 81' lang='lat' dir='ltr'>ad</span> <span class='ocrx_word' id='word_1_326' title='bbox 998 3991 1207 4065; x_wconf 81' lang='lat' dir='ltr'>Minotaurum</span> <span class='ocrx_word' id='word_1_327' title='bbox 1247 3996 1353 4057; x_wconf 79' lang='lat' dir='ltr'>refert.</span> <span class='ocrx_word' id='word_1_328' title='bbox 1416 3994 1520 4076; x_wconf 79' lang='lat' dir='ltr'>Vuigo</span> 
     </span>
     <span class='ocr_line' id='line_1_44' title="bbox 361 4075 1520 4153; baseline 0.001 -11"><span class='ocrx_word' id='word_1_329' title='bbox 361 4080 578 4151; x_wconf 84' lang='lat' dir='ltr'>cinnituntur‚</span> <span class='ocrx_word' id='word_1_330' title='bbox 594 4094 701 4153; x_wconf 85' lang='lat' dir='ltr'>exqua</span> <span class='ocrx_word' id='word_1_331' title='bbox 722 4090 796 4152; x_wconf 85' lang='lat' dir='ltr'>aqua</span> <span class='ocrx_word' id='word_1_332' title='bbox 821 4090 891 4148; x_wconf 89' lang='lat' dir='ltr'>pro·</span> <span class='ocrx_word' id='word_1_333' title='bbox 919 4079 1000 4138; x_wconf 83' lang='lat' dir='ltr'>eninr</span> <span class='ocrx_word' id='word_1_334' title='bbox 1028 4075 1080 4135; x_wconf 85' lang='lat' dir='ltr'>iste</span> <span class='ocrx_word' id='word_1_335' title='bbox 1103 4077 1259 4148; x_wconf 81' lang='lat' dir='ltr'>barbatus,</span> <span class='ocrx_word' id='word_1_336' title='bbox 1285 4075 1338 4134; x_wconf 90' lang='lat' dir='ltr'>illc</span> <span class='ocrx_word' id='word_1_337' title='bbox 1363 4076 1520 4144; x_wconf 75' lang='lat' dir='ltr'>imberbis.</span> 
     </span>
     <span class='ocr_line' id='line_1_45' title="bbox 361 4153 1520 4231; baseline 0.001 -10"><span class='ocrx_word' id='word_1_338' title='bbox 361 4208 365 4231; x_wconf 85' lang='grc'><strong>,</strong></span> <span class='ocrx_word' id='word_1_339' title='bbox 380 4162 561 4225; x_wconf 86' lang='lat' dir='ltr'>intermedio</span> <span class='ocrx_word' id='word_1_340' title='bbox 582 4159 766 4231; x_wconf 83' lang='lat' dir='ltr'>Imperatore</span> <span class='ocrx_word' id='word_1_341' title='bbox 781 4155 891 4229; x_wconf 77' lang='lat' dir='ltr'>palude</span> <span class='ocrx_word' id='word_1_342' title='bbox 922 4158 1037 4220; x_wconf 79' lang='lat' dir='ltr'>Eadem</span> <span class='ocrx_word' id='word_1_343' title='bbox 1051 4157 1140 4217; x_wconf 83' lang='lat' dir='ltr'>etiarn</span> <span class='ocrx_word' id='word_1_344' title='bbox 1155 4158 1256 4218; x_wconf 81' lang='lat' dir='ltr'>forma</span> <span class='ocrx_word' id='word_1_345' title='bbox 1263 4153 1402 4217; x_wconf 74' lang='lat' dir='ltr'>Acium</span> <span class='ocrx_word' id='word_1_346' title='bbox 1411 4160 1520 4223; x_wconf 82' lang='lat' dir='ltr'>duuiua</span> 
     </span>
     <span class='ocr_line' id='line_1_46' title="bbox 361 4234 1523 4317; baseline -0.001 -13"><span class='ocrx_word' id='word_1_347' title='bbox 361 4256 446 4317; x_wconf 76' lang='lat' dir='ltr'>ante,</span> <span class='ocrx_word' id='word_1_348' title='bbox 455 4243 486 4302; x_wconf 91' lang='lat' dir='ltr'>d.</span> <span class='ocrx_word' id='word_1_349' title='bbox 502 4240 611 4301; x_wconf 85' lang='lat' dir='ltr'>hastato</span> <span class='ocrx_word' id='word_1_350' title='bbox 628 4238 819 4314; x_wconf 75' lang='lat' dir='ltr'>isceptrunr.</span> <span class='ocrx_word' id='word_1_351' title='bbox 829 4234 887 4297; x_wconf 84' lang='lat' dir='ltr'>N.</span> <span class='ocrx_word' id='word_1_352' title='bbox 922 4241 954 4300; x_wconf 88' lang='lat' dir='ltr'>io</span> <span class='ocrx_word' id='word_1_353' title='bbox 975 4237 1110 4310; x_wconf 82' lang='lat' dir='ltr'>Etrusca,</span> <span class='ocrx_word' id='word_1_354' title='bbox 1136 4250 1170 4297; x_wconf 91' lang='lat' dir='ltr'>vt</span> <span class='ocrx_word' id='word_1_355' title='bbox 1188 4250 1302 4311; x_wconf 73' lang='lat' dir='ltr'>vocant</span> <span class='ocrx_word' id='word_1_356' title='bbox 1320 4254 1426 4301; x_wconf 79' lang='lat' dir='ltr'>venae</span> <span class='ocrx_word' id='word_1_357' title='bbox 1446 4242 1523 4316; x_wconf 82' lang='lat' dir='ltr'>lapi·</span> 
     </span>
     <span class='ocr_line' id='line_1_47' title="bbox 363 4312 1521 4393; baseline 0 -9"><span class='ocrx_word' id='word_1_358' title='bbox 363 4325 435 4386; x_wconf 86' lang='lat' dir='ltr'>ieni.</span> <span class='ocrx_word' id='word_1_359' title='bbox 478 4319 582 4385; x_wconf 73' lang='lat' dir='ltr'>cincei.</span> <span class='ocrx_word' id='word_1_360' title='bbox 622 4316 747 4379; x_wconf 78' lang='lat' dir='ltr'>Vindob.</span> <span class='ocrx_word' id='word_1_361' title='bbox 783 4316 805 4379; x_wconf 88' lang='lat'>1.</span> <span class='ocrx_word' id='word_1_362' title='bbox 827 4316 888 4385; x_wconf 89' lang='lat' dir='ltr'>Tb.</span> <span class='ocrx_word' id='word_1_363' title='bbox 921 4322 962 4380; x_wconf 82' lang='lat' dir='ltr'>da</span> <span class='ocrx_word' id='word_1_364' title='bbox 988 4317 1139 4391; x_wconf 83' lang='lat' dir='ltr'>copitaceo</span> <span class='ocrx_word' id='word_1_365' title='bbox 1176 4312 1254 4393; x_wconf 78' lang='lat' dir='ltr'>apud</span> <span class='ocrx_word' id='word_1_366' title='bbox 1284 4314 1410 4378; x_wconf 72' lang='lat' dir='ltr'>Graium</span> <span class='ocrx_word' id='word_1_367' title='bbox 1438 4321 1521 4385; x_wconf 82' lang='lat' dir='ltr'>Mus.</span> 
     </span>
     <span class='ocr_line' id='line_1_48' title="bbox 361 4392 1621 4485; baseline -0.003 -19"><span class='ocrx_word' id='word_1_368' title='bbox 361 4422 386 4485; x_wconf 72' lang='lat' dir='ltr'>p.</span> <span class='ocrx_word' id='word_1_369' title='bbox 406 4404 436 4466; x_wconf 87' lang='grc'>6.</span> <span class='ocrx_word' id='word_1_370' title='bbox 450 4421 482 4481; x_wconf 88' lang='lat' dir='ltr'>p.</span> <span class='ocrx_word' id='word_1_371' title='bbox 499 4402 571 4484; x_wconf 66' lang='grc' dir='ltr'>τό.)</span> <span class='ocrx_word' id='word_1_372' title='bbox 588 4396 796 4465; x_wconf 63' lang='lat' dir='ltr'>detinuere.</span> <span class='ocrx_word' id='word_1_373' title='bbox 815 4399 848 4459; x_wconf 87' lang='lat'>11.</span> <span class='ocrx_word' id='word_1_374' title='bbox 927 4401 994 4462; x_wconf 79' lang='lat' dir='ltr'>Etr.</span> <span class='ocrx_word' id='word_1_375' title='bbox 1018 4399 1059 4457; x_wconf 89' lang='lat' dir='ltr'>T.</span> <span class='ocrx_word' id='word_1_376' title='bbox 1086 4398 1118 4458; x_wconf 88' lang='lat' dir='ltr'>li.</span> <span class='ocrx_word' id='word_1_377' title='bbox 1143 4400 1203 4462; x_wconf 90' lang='lat' dir='ltr'>Tb.</span> <span class='ocrx_word' id='word_1_378' title='bbox 1228 4414 1294 4464; x_wconf 79' lang='lat' dir='ltr'>raa.</span> <span class='ocrx_word' id='word_1_379' title='bbox 1314 4392 1345 4465; x_wconf 89' lang='lat' dir='ltr'>&#39;n.</span> <span class='ocrx_word' id='word_1_380' title='bbox 1367 4418 1413 4462; x_wconf 86' lang='lat' dir='ltr'>rr.</span> <span class='ocrx_word' id='word_1_381' title='bbox 1434 4404 1522 4464; x_wconf 64' lang='lat' dir='ltr'>exiriss</span> <span class='ocrx_word' id='word_1_382' title='bbox 1615 4410 1621 4423; x_wconf 84' lang='lat'><strong>¹</strong></span> 
     </span>
     <span class='ocr_line' id='line_1_49' title="bbox 739 4480 1521 4559; baseline 0 -15"><span class='ocrx_word' id='word_1_383' title='bbox 739 4522 743 4529; x_wconf 93' lang='lat'><em>-</em></span> <span class='ocrx_word' id='word_1_384' title='bbox 927 4484 1029 4547; x_wconf 80' lang='lat' dir='ltr'>benur,</span> <span class='ocrx_word' id='word_1_385' title='bbox 1051 4495 1138 4554; x_wconf 86' lang='lat' dir='ltr'>atque</span> <span class='ocrx_word' id='word_1_386' title='bbox 1162 4480 1192 4542; x_wconf 90' lang='lat' dir='ltr'>in</span> <span class='ocrx_word' id='word_1_387' title='bbox 1207 4496 1324 4559; x_wconf 80' lang='lat' dir='ltr'>gemma</span> <span class='ocrx_word' id='word_1_388' title='bbox 1343 4483 1423 4556; x_wconf 82' lang='lat' dir='ltr'>apud</span> <span class='ocrx_word' id='word_1_389' title='bbox 1449 4482 1521 4544; x_wconf 77' lang='lat' dir='ltr'>Ma·</span> 
     </span>
     <span class='ocr_line' id='line_1_50' title="bbox 361 4558 1522 4644; baseline -0.002 -17"><span class='ocrx_word' id='word_1_390' title='bbox 361 4594 374 4612; x_wconf 91' lang='lat'>·</span> <span class='ocrx_word' id='word_1_391' title='bbox 410 4596 454 4615; x_wconf 89' lang='lat'>··</span> <span class='ocrx_word' id='word_1_392' title='bbox 494 4560 658 4627; x_wconf 69' lang='lat' dir='ltr'>seltener</span> <span class='ocrx_word' id='word_1_393' title='bbox 679 4559 794 4631; x_wconf 76' lang='lat' dir='ltr'>Catius,</span> <span class='ocrx_word' id='word_1_394' title='bbox 815 4562 893 4623; x_wconf 82' lang='lat' dir='ltr'>inter</span> <span class='ocrx_word' id='word_1_395' title='bbox 926 4566 1051 4623; x_wconf 75' lang='lat' dir='ltr'>eiectam</span> <span class='ocrx_word' id='word_1_396' title='bbox 1067 4558 1188 4622; x_wconf 82' lang='lat' dir='ltr'>Pierrea</span> <span class='ocrx_word' id='word_1_397' title='bbox 1207 4577 1293 4641; x_wconf 66' lang='lat' dir='ltr'>grav.</span> <span class='ocrx_word' id='word_1_398' title='bbox 1310 4563 1350 4622; x_wconf 86' lang='grc' dir='ltr'>Τ.</span> <span class='ocrx_word' id='word_1_399' title='bbox 1358 4564 1393 4622; x_wconf 89' lang='lat' dir='ltr'>ii.</span> <span class='ocrx_word' id='word_1_400' title='bbox 1411 4564 1454 4640; x_wconf 73' lang='lat' dir='ltr'>ig.</span> <span class='ocrx_word' id='word_1_401' title='bbox 1466 4566 1522 4644; x_wconf 85' lang='lat'>76.</span> 
     </span>
     <span class='ocr_line' id='line_1_51' title="bbox 361 4640 1522 4727; baseline -0.003 -16"><span class='ocrx_word' id='word_1_402' title='bbox 361 4640 511 4727; x_wconf 63' lang='lat' dir='ltr'>Mesenis</span> <span class='ocrx_word' id='word_1_403' title='bbox 531 4648 577 4705; x_wconf 86' lang='lat' dir='ltr'>ius</span> <span class='ocrx_word' id='word_1_404' title='bbox 600 4646 686 4719; x_wconf 84' lang='lat' dir='ltr'>supra</span> <span class='ocrx_word' id='word_1_405' title='bbox 715 4646 837 4721; x_wconf 79' lang='lat' dir='ltr'>cippum</span> <span class='ocrx_word' id='word_1_406' title='bbox 858 4660 891 4705; x_wconf 85' lang='lat' dir='ltr'>n.</span> <span class='ocrx_word' id='word_1_407' title='bbox 925 4676 968 4693; x_wconf 92' lang='lat'>-</span> <span class='ocrx_word' id='word_1_408' title='bbox 1009 4642 1042 4704; x_wconf 85' lang='lat' dir='ltr'>iu</span> <span class='ocrx_word' id='word_1_409' title='bbox 1062 4657 1154 4703; x_wconf 85' lang='lat' dir='ltr'>numo</span> <span class='ocrx_word' id='word_1_410' title='bbox 1176 4642 1306 4703; x_wconf 80' lang='lat' dir='ltr'>Postumi</span> <span class='ocrx_word' id='word_1_411' title='bbox 1327 4642 1522 4723; x_wconf 58' lang='lat' dir='ltr'>impetatorit</span> 
     </span>
     <span class='ocr_line' id='line_1_52' title="bbox 361 4720 1521 4808; baseline -0.002 -19"><span class='ocrx_word' id='word_1_412' title='bbox 361 4746 427 4805; x_wconf 67' lang='lat' dir='ltr'>pann.</span> <span class='ocrx_word' id='word_1_413' title='bbox 446 4746 477 4793; x_wconf 81' lang='lat' dir='ltr'>v.</span> <span class='ocrx_word' id='word_1_414' title='bbox 521 4722 692 4808; x_wconf 65' lang='lat' dir='ltr'>esculapius.</span> <span class='ocrx_word' id='word_1_415' title='bbox 927 4724 1043 4785; x_wconf 77' lang='lat' dir='ltr'>Rhenus</span> <span class='ocrx_word' id='word_1_416' title='bbox 1071 4720 1178 4786; x_wconf 86' lang='lat' dir='ltr'>fluuius</span> <span class='ocrx_word' id='word_1_417' title='bbox 1208 4723 1342 4783; x_wconf 86' lang='lat' dir='ltr'>bicornia</span> <span class='ocrx_word' id='word_1_418' title='bbox 1379 4723 1521 4801; x_wconf 62' lang='lat' dir='ltr'>samma.</span> 
     </span>
     <span class='ocr_line' id='line_1_53' title="bbox 921 4802 1522 4886; baseline -0.002 -17"><span class='ocrx_word' id='word_1_419' title='bbox 921 4812 1005 4886; x_wconf 88' lang='lat' dir='ltr'>quod</span> <span class='ocrx_word' id='word_1_420' title='bbox 1022 4821 1127 4882; x_wconf 87' lang='lat' dir='ltr'>nempe</span> <span class='ocrx_word' id='word_1_421' title='bbox 1141 4808 1172 4868; x_wconf 91' lang='lat' dir='ltr'>in</span> <span class='ocrx_word' id='word_1_422' title='bbox 1189 4806 1251 4868; x_wconf 86' lang='lat' dir='ltr'>duo</span> <span class='ocrx_word' id='word_1_423' title='bbox 1269 4802 1392 4867; x_wconf 78' lang='lat' dir='ltr'>brachia</span> <span class='ocrx_word' id='word_1_424' title='bbox 1406 4802 1522 4873; x_wconf 80' lang='lat' dir='ltr'>scinda-</span> 
     </span>
     <span class='ocr_line' id='line_1_54' title="bbox 360 4884 981 4962; baseline 0.008 -16"><span class='ocrx_word' id='word_1_425' title='bbox 360 4918 374 4933; x_wconf 93' lang='lat'>-</span> <span class='ocrx_word' id='word_1_426' title='bbox 409 4914 475 4962; x_wconf 83' lang='lat'>··-‚</span> <span class='ocrx_word' id='word_1_427' title='bbox 512 4884 641 4947; x_wconf 65' lang='lat' dir='ltr'>Batinus</span> <span class='ocrx_word' id='word_1_428' title='bbox 660 4902 691 4950; x_wconf 90' lang='lat' dir='ltr'>ct</span> <span class='ocrx_word' id='word_1_429' title='bbox 711 4884 820 4958; x_wconf 72' lang='lat' dir='ltr'>sardo,</span> <span class='ocrx_word' id='word_1_430' title='bbox 842 4886 887 4949; x_wconf 82' lang='lat' dir='ltr'>in·</span> <span class='ocrx_word' id='word_1_431' title='bbox 920 4905 981 4951; x_wconf 85' lang='lat' dir='ltr'>tur.</span> 
     </span>
     <span class='ocr_line' id='line_1_55' title="bbox 360 4964 813 5049; baseline -0.009 -18"><span class='ocrx_word' id='word_1_432' title='bbox 360 4985 435 5049; x_wconf 71' lang='lat' dir='ltr'>quoa</span> <span class='ocrx_word' id='word_1_433' title='bbox 455 4968 598 5031; x_wconf 71' lang='lat' dir='ltr'>bocchus.</span> <span class='ocrx_word' id='word_1_434' title='bbox 620 4986 651 5032; x_wconf 80' lang='lat' dir='ltr'>v.</span> <span class='ocrx_word' id='word_1_435' title='bbox 673 4964 813 5034; x_wconf 73' lang='lat' dir='ltr'>Boethus.</span> 
     </span>
    </p>
   </div>
   <div class='ocr_carea' id='block_1_8' title="bbox 1451 5048 1517 5117">
    <p class='ocr_par' dir='ltr' id='par_1_10' title="bbox 1451 5048 1517 5117">
     <span class='ocr_line' id='line_1_56' title="bbox 1451 5048 1517 5117; baseline -0.03 0"><span class='ocrx_word' id='word_1_436' title='bbox 1451 5048 1517 5117; x_wconf 74' lang='lat' dir='ltr'>Ha·</span> 
     </span>
    </p>
   </div>
   <div class='ocr_carea' id='block_1_9' title="bbox 0 0 1892 5734">
    <p class='ocr_par' dir='ltr' id='par_1_11' title="bbox 0 0 1892 5734">
     <span class='ocr_line' id='line_1_57' title="bbox 0 0 1892 5734; baseline 0 2"><span class='ocrx_word' id='word_1_437' title='bbox 0 0 1892 5734; x_wconf 95' lang='lat' dir='ltr'> </span> 
     </span>
    </p>
   </div>
  </div>
 </body>
</html>
