3775 5734
379 526 537 604 899>
643 503 774 621 ΙῙἈ·
966 580 968 585 ,
1282 452 1588 599 dds-90¹0

270 731 279 752 r
385 687 523 751 dustriatn
538 684 662 761 fugeret
696 672 733 743 'vt
756 682 832 743 adeo
855 697 979 742 numero
1014 682 1143 744 lriantin
1160 682 1285 742 familiis
1305 680 1454 749 Antistia,
1472 680 1592 745 Flaminia

386 762 586 831 smtXXVlll.
602 779 631 824 et
646 764 820 840 sequentes:
844 761 981 823 Aerarilitt.
1017 778 1046 823 et
1070 765 1150 833 ,Iulia
1176 764 1260 823 iuxta
1283 777 1403 842 typos,
1429 770 1513 841 quoa¹
1532 761 1592 821 Nea·

391 846 530 908 Caecilia.
577 838 705 920 Corifia.
750 841 793 916 Cn
815 838 854 904 t'tt.
891 841 981 902 Csntt·
1015 862 1110 903 mnne.
1129 845 1190 904 Tb.
1208 858 1239 915 7.
1262 844 1327 919 fgg.
1349 856 1462 919 1415.
1485 844 1517 905 16
1540 862 1593 917 pro·

389 930 450 990 dia.
494 923 642 985 Cornelia.
686 923 784 984 Cornu
825 925 864 981 in.
920 922 981 983 Di·
1016 924 1094 987 tulit.
1137 925 1229 983 Tales
1255 924 1387 983 necdum
1422 924 1594 985 obnllitlle

389 1010 450 1070 dite.
493 1006 632 1067 Horatia.
667 1002 753 1064 iulia.
792 1003 886 1063 latnie.
931 1002 983 1061 Li·
1016 1004 1258 1076 menapeetmia.
1278 1006 1361 1063 bene
1388 1020 1465 1065 veno
1489 1004 1597 1065 Graeca.

389 1089 496 1150 uincit.
522 1085 672 1146 Lucretia.
705 1081 855 1145 Mestleta.
888 1081 979 1142 Mar·
1017 1086 1066 1145 Sic
1093 1084 1197 1143 videas
1229 1098 1365 1156 noenu,
1395 1100 1426 1144 et
1451 1099 1598 1145 raanan!

389 1173 446 1230 eia.
488 1166 606 1227 Merit.
643 1165 795 1225 Memmia.
832 1163 982 1226 Minucia.
1015 1166 1121 1225 Cariae
1138 1177 1342 1225 aectaurnrt
1364 1163 1600 1239 Pamphiliaenu·

392 1246 544 1311 Norbana.
572 1245 727 1304 Numestio.
750 1243 894 1325 Pompeia.
919 1241 982 1301 llu-
1015 1263 1104 1317 mos,
1135 1244 1243 1320 quibus
1270 1243 1407 1305 similiter
1433 1246 1526 1305 ineufi
1549 1246 1600 1305 sent

337 1334 340 1339 '
390 1331 468 1392 bria.
510 1324 671 1389 Serisapia.
707 1320 846 1405 Sulpicio.
887 1322 980 1383 litio.
1015 1326 1118 1385 circuli
1135 1338 1224 1399 atque
1241 1327 1321 1385 intra
1341 1325 1403 1386 hoa
1424 1338 1463 1386 rt.
1483 1338 1514 1386 et
1535 1338 1601 1386 set

399 1407 509 1469 Tullia.
538 1404 669 1465 Valeria.
704 1397 854 1485 Vipstanio.
896 1405 982 1465 aede
1019 1424 1040 1466 a:
1057 1407 1133 1479 apud
1155 1402 1295 1469 letteren.
1314 1407 1362 1465 lll.
1387 1408 1496 1481 suppl.
1523 1408 1560 1481 pl.
1576 1408 1599 1465 ⁶.

394 1484 544 1550 Pembroit.
561 1483 687 1547 Comitis
705 1485 868 1555 denarium,
881 1485 910 1544 in
923 1500 984 1561 quo
1019 1505 1048 1547 n.
1061 1501 1094 1562 ¹9.
1118 1486 1155 1544 it.
1167 1486 1242 1547 Ree.
1259 1486 1307 1546 lll.
1328 1489 1361 1561 pl
1394 1502 1464 1563 130.
1484 1504 1514 1546 ιι.
1525 1487 1552 1549 6.
1570 1488 1600 1545 it.

392 1568 491 1634 Roma
516 1567 618 1626 sedent
640 1565 795 1641 augurium
817 1566 917 1637 capit,
956 1580 986 1623 et
1019 1564 1074 1626 IV.
1097 1567 1200 1639 suppl.
1217 1568 1256 1639 pl.
1271 1584 1300 1627 a.
1323 1585 1353 1628 n.
1368 1587 1400 1645 4.
1433 1568 1600 1641 sednequir

383 1638 494 1718 alium,
509 1648 545 1706 de
560 1664 621 1723 quo
633 1645 795 1704 Mamaeam
804 1644 878 1717 Pop.
893 1646 983 1704 Num.
1018 1661 1107 1707 notas
1134 1647 1312 1705 familiarum
1332 1647 1483 1707 Antiiliae
1506 1646 1601 1707 scilieet

393 1732 434 1792 Π.
457 1747 485 1803 p.
508 1734 574 1805 184.
595 1726 666 1804 egit.
686 1725 791 1787 Plures
807 1724 917 1801 poderi
934 1725 986 1784 de·
1013 1726 1048 1789 S.
1063 1740 1097 1786 et
1112 1726 1271 1787 Flaminiae
1283 1728 1313 1785 N
1341 1728 1477 1793 incusum
1493 1730 1602 1787 eonion·

391 1823 507 1888 tegent.
1019 1810 1071 1867 dat
1101 1824 1168 1865 cum
1202 1806 1344 1866 solitariis
1372 1808 1506 1879 litteris,
1540 1825 1601 1883 quae

1019 1887 1155 1962 plurimis
1177 1888 1362 1959 reipublicae
1388 1888 1543 1949 Romanae
1561 1890 1601 1945 de·

436 1965 626 2031 Familiarttm
644 1966 727 2030 Rom.
752 1965 884 2043 argentei
903 1964 985 2027 numi
1020 1968 1110 2028 nariis
1133 1985 1193 2027 non
1219 1967 1359 2033 mensae,
1386 1968 1439 2029 sed
1460 1968 1601 2042 inscalptae

390 2050 500 2110 'incusas
518 2050 599 2108 notis
622 2047 854 2118 memorabiles,
887 2058 986 2107 tantae
1019 2048 1069 2108 seu
1088 2048 1195 2107 incisae
1211 2048 1287 2108 sttnt.
1329 2048 1405 2108 lllae
1431 2050 1547 2126 quidem
1565 2064 1600 2107 re

390 2130 522 2193 raritatis
544 2129 629 2201 sunt,
658 2144 692 2188 vt
716 2145 776 2188 non
804 2129 848 2186 ita
870 2127 986 2200 pridem
1021 2129 1135 2189 centius
1154 2128 1282 2199 additae,
1304 2128 1429 2189 forfitan
1446 2133 1484 2190 ab
1501 2130 1548 2193 iis,
1562 2128 1599 2205 qui

392 2210 501 2270 eruditi
519 2211 646 2279 suerint,
677 2209 730 2285 qui
758 2220 900 2283 negarent
923 2208 987 2266 exi·
1020 2225 1129 2269 numos
1146 2209 1217 2269 illos
1236 2207 1265 2267 in
1283 2209 1341 2269 suis
1359 2210 1470 2269 inarseis
1484 2208 1600 2269 adserat·

390 2290 476 2352 stete.
518 2290 615 2349 Huius
632 2306 707 2349 vero
722 2288 840 2365 generis
857 2289 987 2346 anecdo·
1019 2293 1111 2361 bant,
1147 2303 1181 2348 vt
1213 2288 1405 2362 polenorum
1442 2289 1498 2350 lint
1518 2304 1600 2353 natae

391 2381 446 2431 toa
470 2368 655 2429 Neamannur
681 2369 703 2428 l.
731 2385 758 2427 e.
792 2369 853 2427 Tb.
872 2382 902 2441 7.
924 2366 987 2443 fgg.
1020 2369 1601 2443 similirationepraeslantiotibusGtae·

395 2467 443 2512 11.
468 2466 513 2509 ια.
540 2466 587 2523 13.
610 2449 706 2508 oeulis
721 2447 849 2509 subiicit.
872 2480 912 2497 -
931 2446 986 2506 Fa·
1021 2451 1065 2510 eis
1099 2449 1268 2524 Latinisque
1305 2451 1426 2521 numis,
1466 2452 1516 2528 qui
1544 2450 1601 2509 aliu

371 2531 484 2597 ,miliis
502 2530 647 2600 Manliae,
666 2528 816 2588 Antoniae
832 2529 987 2589 etCorue·
1021 2531 1163 2591 Mantuae
1180 2530 1305 2590 l'tlucum
1336 2530 1479 2590 tirel'auro
1509 2532 1601 2591 conde·

390 2612 449 2671 liae
467 2608 601 2683 impressa
628 2609 693 2671 sunt
718 2623 988 2683 monogrammata,
1022 2614 1150 2683 bantur,
1177 2610 1315 2686 tanquam
1347 2612 1529 2687 gentilitium
1550 2608 1601 2671 ini·

392 2692 507 2766 primae
533 2682 628 2772 RES.
652 2687 796 2748 secundae
818 2694 889 2759 Μ).
910 2687 988 2763 lES.
1023 2708 1079 2767 gne
1109 2689 1243 2764 impressa
1272 2691 1331 2751 fuit
1365 2692 1488 2768 aquila,
1523 2690 1602 2751 aureis

392 2772 534 2832 tertiae..
558 2776 588 2829 b·
609 2770 647 2830 AE
669 2784 777 2840 nempe
806 2766 915 2827 litteris
942 2771 987 2826 in·
1023 2771 1141 2847 quidem
1161 2783 1321 2847 argentea,
1349 2774 1499 2847 argenteis
1520 2786 1601 2841 aurea,

392 2838 483 2912 uersas
508 2868 563 2924 pro
586 2848 669 2909 IMP.
686 2845 775 2908 VES.
816 2848 860 2907 lia
881 2849 988 2921 procul
1022 2853 1066 2910 vti
1084 2865 1199 2925 praeter
1211 2847 1413 2933 spanhemium
1428 2870 1463 2913 ac
1474 2850 1603 2910 Neme-

393 2928 988 2993 dubionontencontinenthPeratoris
1022 2948 1089 2989 erum
1127 2930 1322 2991 obstruamur
1346 2930 1539 3017 Haueremop.
1577 2928 1603 2989 ad

391 3008 593 3094 VESpnfitni,
604 3010 789 3085 proindeque
808 3026 844 3068 eo
862 3026 988 3085 regnan·
1022 3009 1144 3072 Morell.
1162 3013 1223 3071 Tlr.
1244 3013 1324 3073 Fam.
1346 3030 1375 3087 p.
1400 3013 1508 3153 μὶ]
1536 3010 1604 3073 liele

390 3106 422 3152 te
455 3092 589 3165 impressa
630 3091 726 3156 fuere.
769 3087 920 3148 Har-duin.
951 3090 988 3148 ad
1023 3092 1118 3154 Gotlr.
1153 3092 1245 3152 Num.
1278 3110 1310 3164 p.
1337 3092 1427 3175 125.)
1503 3092 1603 3153 aillrrt.

394 3171 474 3235 Psin.
496 3174 536 3234 T.
558 3174 584 3232 l.
604 3190 635 3246 p.
661 3182 732 3248 481.
764 3171 878 3230 easdem
900 3170 988 3247 siglas
1021 3175 1051 3233 in
1078 3174 1171 3246 praef.
1199 3174 1235 3234 ad
1260 3174 1352 3233 Num.
1380 3174 1464 3235 Fam.
1491 3176 1604 3237 Romae.

393 3272 430 3314 ex
445 3255 572 3314 iocanais
588 3253 698 3328 ingenii
725 3251 789 3311 lusu
811 3252 988 3325 interpreta-
1024 3254 1115 3333 and
1132 3252 1151 3312 sr
1168 3271 1228 3313 non
1245 3270 1335 3313 nemo
1351 3254 1503 3327 nouiilet,
1521 3256 1548 3315 in
1566 3272 1605 3314 er·

391 3346 441 3395 tus
464 3336 504 3394 est
531 3334 653 3393 lMPettt
681 3332 823 3391 VESano.
846 3362 886 3377 «-
927 3331 990 3390 Ne·
1022 3334 1161 3408 plicanda
1176 3350 1210 3394 ea
1225 3335 1324 3410 aquila
1341 3351 1404 3394 non
1421 3336 1538 3396 inanem
1548 3350 1606 3409 ope·

395 3433 452 3490 que
466 3431 539 3474 vero
562 3415 592 3471 lri
605 3413 685 3472 numi
706 3412 759 3471 soli
777 3412 861 3485 sunt,
883 3412 931 3487 qui
943 3426 989 3471 ta·
1023 3430 1085 3474 ram
1102 3412 1216 3475 lusisset.
1237 3442 1280 3457 —-
1305 3414 1453 3477 Ceterum
1472 3434 1508 3477 an
1526 3416 1605 3477 tribue

310 3493 314 3502 '
391 3496 436 3554 les
449 3508 535 3554 notas
551 3494 693 3552 reserant.
734 3491 862 3564 Primus,
886 3493 918 3551 ni
933 3493 989 3552 ial·
1024 3495 1188 3569 Antistiae,
1208 3494 1370 3555 Flaminiae
1390 3512 1421 3557 et
1441 3496 1535 3557 iuliae
1549 3498 1606 3557 sarr.

396 3576 468 3636 litut
488 3574 687 3638 Neumannut,
705 3574 834 3631 familiae
847 3571 990 3634 Seruiliae
1025 3577 1121 3635 numis
1146 3592 1181 3635 ea
1203 3574 1282 3652 figna
1301 3575 1402 3637 intusa
1428 3578 1540 3639 fuerint
1560 3576 1607 3637 rei·

396 3655 548 3715 denarium
566 3655 693 3728 protulit
709 3648 834 3710 Petinus
856 3653 936 3713 Fam.
958 3670 988 3727 p.
1024 3657 1185 3730 publicae,
1215 3673 1251 3715 an
1288 3656 1494 3733 Augustorum
1532 3674 1607 3727 anto,

393 3748 465 3811 259.
485 3732 987 3870 euieaedemsagaeincusaesunt,
1025 3737 1091 3812 quis
1123 3735 1195 3796 ausrt
1219 3736 1369 3797 definire?
1411 3736 1498 3799 Vnde
1526 3752 1607 3815 neqrte

395 3815 684 3895 cellatica-ermom
736 3812 988 3875 orell.l'lr.Fara.
1024 3816 1157 3886 constat,
1188 3832 1228 3876 an
1263 3818 1359 3878 moris
1388 3819 1482 3881 stretit
1511 3820 1609 3880 ilona-

394 3913 427 3971 p.
451 3911 519 3972 390·
541 3896 662 3957 alterius
681 3895 812 3953 meminit
828 3895 873 3953 M.
891 3895 990 3954 Anto·
1024 3898 1090 3967 nis,
1128 3896 1220 3957 stante
1254 3897 1417 3965 libertate,
1456 3898 1610 3961 hidusnadi

395 3976 460 4048 nii,
489 3977 539 4052 qui
560 3976 659 4035 iisdem
677 3975 756 4049 figlis
778 3989 901 4035 notatus
924 3976 987 4034 sue·
1024 3978 1105 4036 notis
1122 3978 1176 4036 vti.
1219 3974 1333 4049 Fuere,
1356 3981 1409 4055 qui
1429 3978 1610 4041 istuddefini·

394 4070 455 4127 ret,
477 4054 525 4116 sed
543 4058 650 4115 ordine
667 4057 853 4131 retrogrado.
896 4053 990 4114 Pelle·
1025 4069 1055 4115 te
1083 4058 1275 4133 negauerim,
1311 4058 1362 4117 sed
1388 4060 1462 4121 salsa
1493 4061 1611 4121 nituntur

393 4136 490 4196 rinius
507 4137 609 4210 suppl.
624 4138 656 4195 ll.
680 4136 722 4209 pl.
741 4152 766 4208 3.
788 4153 817 4196 n.
834 4151 881 4196 rr.
899 4134 991 4196 aliurn
1024 4138 1161 4208 ratione,
1182 4153 1289 4212 nempe
1308 4141 1396 4215 quod
1414 4142 1516 4202 nullas
1541 4140 1611 4201 vide

394 4217 526 4279 familiae
540 4216 679 4275 Planciae
699 4217 854 4291 uulgauit,
876 4219 905 4275 in
930 4232 990 4291 quo
1024 4216 1105 4289 rint,
1143 4217 1278 4293 adeoque
1318 4219 1424 4281 nullos
1456 4221 1611 4296 putauetint

395 4298 505 4371 legere
516 4296 568 4354 srbi
583 4298 739 4355 videbatur
758 4298 818 4355 AB.
840 4298 878 4357 AE
894 4300 924 4357 S.
942 4297 991 4356 sed
1026 4298 1136 4356 exilare
1153 4297 1331 4357 familiarum
1348 4300 1553 4375 Romanarum
1567 4318 1611 4361 nu·

396 4378 499 4437 itidem
534 4394 586 4433 eae
614 4392 704 4437 uotae
739 4377 855 4437 inuerso
887 4378 992 4437 ordine
1025 4396 1092 4436 mos
1129 4377 1268 4451 impreffis
1302 4380 1388 4441 notia
1435 4383 1609 4457 conspicuos.

395 4471 570 4531 comparent
586 4456 615 4517 in
636 4457 714 4515 disto
736 4456 791 4515 Cn.
811 4458 923 4517 Planeii
940 4458 992 4515 de·
1027 4456 1406 4535 hilarissat-contrarium
1434 4462 1559 4523 adseruit
1573 4476 1611 4519 ae·

396 4540 502 4609 nario,
533 4538 660 4595 docente
698 4532 865 4595 Neaeram
894 4540 935 4598 ib.
959 4553 989 4611 p.
1026 4555 1083 4613 que
1100 4538 1197 4598 fallaci
1212 4538 1316 4599 dusius
1332 4557 1525 4618 argumento,
1544 4556 1609 4603 nta-

398 4626 467 4692 185.
502 4617 625 4677 Easdem
649 4633 769 4692 qunque
797 4618 992 4691 deprehendit
1026 4635 1063 4692 pe
1079 4618 1208 4678 familiae
1225 4616 1363 4679 Planciae
1385 4622 1525 4697 denario,
1543 4622 1609 4683 enat

398 4696 553 4760 Eestlresirts
586 4698 615 4757 in
649 4698 770 4755 familiis
799 4700 931 4760 Antonia
961 4712 992 4758 et
1026 4699 1202 4758 auderitate
1220 4698 1289 4759 vsus
1307 4718 1369 4763 non
1389 4700 1610 4778 suisset,'lin⁰·

396 4780 531 4840 Caruilio
557 4777 703 4838 Thesauri
731 4777 889 4852 Caesarei,
920 4796 992 4855 qua·
1026 4779 1066 4838 do
1081 4780 1160 4839 rede
1172 4777 1284 4853 legisset
1295 4780 1400 4843 incusa
1419 4784 1504 4843 lml.
1518 4776 1608 4843 vell.

394 4878 459 4918 rum
484 4860 609 4933 proinde
641 4856 813 4931 significatio
841 4876 902 4919 non
931 4878 990 4919 am·
1026 4873 1293 4935 monogrammata.
1338 4862 1460 4937 Nempe
1490 4853 1609 4925 alinded

345 4988 348 4995 .
395 4941 474 5012 plius
498 4941 582 5001 latet.
621 4941 714 5000 Secus
736 4937 773 4996 de
791 4939 892 5006 notit,
914 4957 990 5019 quae
1025 4954 1155 5016 negare,
1175 4939 1358 5003 familiarum
1375 4944 1606 5007 existereutaaee.

1520 5022 1604 5101 quau
