3775 5734
328 497 404 584 9²7
587 459 664 556 FN
773 555 776 566 ,
1060 431 1079 528 .'
1189 421 1308 546 'li-ir

330 661 393 734 dlii.
413 666 450 728 de
473 621 641 723 Feeiellbue
681 669 712 718 et
733 636 800 717 lure
816 646 939 716 Feciali‘
969 648 1153 711 Vnillanriru
1168 652 1207 712 ad
1217 669 1316 726 pacem
1328 668 1414 712 renuet

329 750 435 828 pupuli
462 743 603 804 Romani.
645 738 806 800 Heinrstad.
836 753 924 812 1734·
961 732 1124 806 Liguribus
1147 734 1268 804 factam,
1287 733 1412 827 'cuiusls'

330 854 351 906 4
368 834 396 888 in
415 827 498 887 cuius
514 820 722 881 dissertationis
737 819 838 876 fronte
853 834 928 876 con·
961 814 1057 874 XLII.
1080 831 1108 874 c.
1127 831 1182 877 22.
1206 829 1345 877 memrmr.

330 911 424 972 stituit
444 907 542 979 primo
558 905 628 961 loco
647 899 795 959 feriendae
816 912 927 969 porcae
1199 953 1202 960 ,

329 997 420 1058 ritum
432 988 462 1045 in
483 983 624 1043 veturiae
642 982 739 1054 gentis
758 994 862 1042 numo,
876 993 927 1036 cu·
1008 970 1132 1052 seriniis
1160 976 1246 1049 apice
1281 975 1414 1036 ornarunt

332 1073 379 1132 ius
401 1068 536 1141 eeippum
564 1051 840 1132 adieeir.‚nduersa
858 1074 927 1130 pare
964 1054 1094 1127 clipeum
1127 1057 1305 1128 rotundum,
1324 1060 1350 1116 d.
1382 1074 1414 1115 cn

332 1149 455 1212 exhibet
483 1157 571 1216 eaput
594 1143 667 1200 deae
688 1139 803 1204 Romae
830 1132 942 1215 galea·'
965 1136 1034 1271 Rue
1052 1152 1105 1208 per
1121 1137 1257 1196 Feciales
1274 1144 1329 1207 pix
1346 1138 1414 1197 fiebat

335 1239 412 1293 turn,
429 1242 509 1299 pune
521 1219 673 1294 adscripto
693 1220 834 1302 Tim.
849 1214 930 1284 ¹Titi
1006 1229 1078 1273 tter.
1110 1216 1174 1277 diff.
1200 1217 1237 1276 de
1260 1216 1361 1278 Feual.
1387 1219 1413 1275 P.

334 1305 455 1367 Veturii
472 1305 593 1362 nomine
611 1314 641 1359 et
657 1299 771 1362 denarii
791 1319 810 1360 x
841 1298 934 1373 signu·
976 1292 1066 1360 Vaut.
1079 1295 1162 1358 Fam.
1186 1287 1347 1374 Sanquinia
1361 1317 1414 1358 n:

337 1384 497 1448 Morellins
523 1383 642 1457 quidem
674 1377 766 1453 Epist.
794 1382 933 1439 denum.
1176 1432 1180 1442 .

336 1463 574 1528 consulendum
593 1459 693 1533 potius
725 1457 842 1518 Vettine
862 1476 936 1535 gen·
1014 1451 1140 1515 feciales
1169 1455 1229 1515 duo
1250 1457 1345 1528 capite
1358 1439 1415 1513 vela

336 1550 359 1607 ti
384 1543 573 1605 tribuendum
603 1540 714 1610 censet,
731 1543 800 1615 quia
812 1553 934 1600 mortuo
970 1526 1032 1596 iras
1058 1537 1249 1611 porrigentes
1283 1536 1364 1608 supin
1402 1553 1414 1593 a

334 1627 470 1688 Romulo
488 1624 618 1682 interrex
637 1618 840 1682 feusiedieitur
859 1619 936 1678 Vet-
970 1625 1029 1691 qua
1048 1632 1140 1689 porca
1155 1615 1241 1674 caesa
1254 1617 1345 1695 vincet,
1360 1617 1415 1673 addi

338 1708 399 1766 tius
417 1702 494 1776 apud
533 1696 725 1760 Plutarchum
772 1702 805 1760 iu
824 1693 935 1760 Numae
972 1695 1009 1758 C.
1031 1696 1201 1756 ANTIST.
1229 1691 1365 1756 VETVS
1389 1696 1415 1753 F·

336 1784 478 1847 sedilias
496 1781 612 1841 litteras
634 1777 664 1838 V
684 1781 710 1839 E
730 1782 844 1841 iuneias
864 1780 936 1842 faci³
970 1776 1125 1837 R.-CVM
1159 1776 1336 1837 Gnulurs.
1368 1773 1415 1833 Car

335 1867 395 1924 lius
421 1860 588 1927 Veturium,
618 1855 707 1938 qunrn
736 1858 867 1920 Verrium
892 1862 936 1921 in·
963 1849 1041 1932 llius
1061 1854 1163 1916 Verus.
1208 1845 1320 1915 liedes
1338 1854 1404 1915 Cen

337 1943 526 2018 terpreteris‚
565 1951 596 2000 et
617 1935 792 2016 ⁸Veturium
819 1941 938 2019 genten't
970 1944 1023 2007 Αἱ.
1045 1938 1188 1997 Antistiae
1204 1939 1378 2014 gentin-
1413 1986 1415 1994 ,

313 2023 561 2098 'dnliqrrissrmam
576 2020 645 2080 inde
663 2027 680 2080 d
697 2035 801 2099 regum
820 2037 938 2096 tempo·
972 2019 1022 2091 lis,
1042 2019 1089 2078 sed
1103 2016 1210 2098 QVM.
1223 2052 1267 2064 -
1290 2015 1339 2078 Al.
1361 2015 1405 2077 sed

337 2105 433 2180 libne
452 2103 566 2162 Romae
584 2098 738 2174 habitasse,
762 2104 812 2162 vel
840 2121 878 2163 ex
899 2115 937 2162 eo
973 2094 1413 2176 vid.Fam.AntiJ11·a.flsaerinc

338 2179 467 2260 intelligi
483 2182 591 2256 potest,
609 2183 691 2258 quod
701 2181 867 2243 Mamurius
877 2179 939 2258 ile-
974 2197 1026 2241 cte
1046 2181 1074 2238 in
1096 2178 1175 2239 hisce
1191 2179 1335 2239 Antistiae
1355 2197 1415 2256 gent

340 2267 436 2323 trusus
455 2264 588 2337 inclptus
607 2264 841 2324 illeanciliumo
866 2260 938 2330 iferu
975 2259 1137 2338 expressum
1167 2262 1310 2320 cernitur.
1365 2261 1415 2319 Cor

339 2346 440 2419 Numa
459 2361 530 2418 rege
558 2343 661 2402 viride
683 2347 788 2403 fertur.
824 2278 863 2425 )Ξ
886 2343 940 2403 Fe·
976 2333 1415 2412 Philol.Nunisn.Lat.specn

342 2426 429 2484 ciniis
452 2441 529 2498 penu
548 2422 688 2483 subnixus
706 2433 827 2496 porctm
846 2437 941 2497 tenete
979 2442 1005 2486 r.
1027 2424 1068 2498 fg'
1089 2422 1160 2501 ας.)
1186 2419 1318 2479 conradi
1339 2421 1415 2480 disi=

343 2505 391 2565 cui
416 2504 454 2562 nd
480 2503 619 2563 srnistram
650 2503 753 2563 consul
780 2518 941 2579 praetorne
975 2504 1054 2563 libus
1071 2518 1102 2576 p.
1119 2509 1169 2577 98.
1194 2503 1341 2579 Equidem
1362 2505 1415 2581 dex:

340 2583 510 2654 Romanus.
551 2585 673 2644 admoto
704 2585 790 2658 super
818 2594 941 2659 porcam
977 2584 1102 2644 cialibus
1121 2584 1211 2660 iungi
1232 2584 1345 2654 solitae,
1367 2583 1416 2641 dun

343 2665 462 2737 sceptro
494 2665 607 2738 iurans,
621 2666 658 2722 ad
676 2655 809 2728 dextram
836 2667 941 2725 ducem
976 2662 1151 2733 feriebatur,
1170 2682 1230 2723 nun
1244 2665 1361 2723 memini
1377 2681 1416 2735 apr

340 2745 439 2821 gentis
461 2759 594 2813 exterae,
611 2761 738 2818 quacum
764 2746 872 2806 soedus
892 2746 938 2818 fit,
976 2749 1024 2805 ies
1039 2753 1156 2803 veteres
1174 2746 1252 2804 inter
1269 2746 1416 2804 caerimnni

342 2825 465 2887 adstant.
507 2824 650 2883 Foederis
679 2823 806 2885 feriendi
828 2825 942 2886 sacrum
976 2826 1048 2886 lium
1083 2823 1192 2884 diserte
1217 2825 1345 2896 referri.
1382 2842 1414 2883 ne

339 2903 371 2965 in
394 2904 454 2964 hnc
481 2921 572 2964 numo
591 2899 725 2977 conspici
748 2906 805 2965 iarn
832 2908 940 2967 docue-
978 2899 1126 2986 Spnnlrem.
1146 2901 1415 2980 1¹r.11.p.210.er

340 2999 412 3045 runt
435 2983 562 3043 Petinus
580 3001 611 3059 p.
638 2991 708 3058 289:
747 2981 942 3060 Vuillnnriuq
975 2987 1015 3046 tii
1045 2984 1125 3044 Fam.
1154 2983 1262 3046 Antist.
1293 2989 1330 3046 ed
1351 2988 1408 3062 sgg.

339 3061 524 3125 Ntlrn.1·’ann
538 3083 567 3138 p.
580 3070 648 3140 53'3.
662 3062 834 3138 Morellius‚
848 3064 940 3149 Spnn·
975 3073 1006 3140 p.
1028 3079 1078 3140 75.
1099 3067 1314 3140 Explicationi‚
1341 3068 1416 3145 quibr

340 3139 461 3217 lentius,
482 3147 587 3205 frustra
612 3141 795 3207 dissentiente
820 3146 941 3207 Perizo-
975 3148 1020 3207 les
1049 3149 1181 3206 dextram
1216 3148 1339 3224 iungere
1361 3149 1416 3206 ridr

340 3227 387 3284 nio
412 3229 441 3285 in
469 3228 572 3286 Triad.
601 3227 710 3284 disseri.
728 3245 756 3299 p.
783 3238 838 3302 132
856 3235 885 3288 et
909 3231 940 3288 in
975 3237 1078 3303 pacem
1098 3229 1307 3294 denotandam,
1337 3229 1416 3287 muln

340 3307 449 3365 litteris
460 3309 495 3365 ad
508 3302 658 3387 Sponsum.
669 3308 719 3364 viri
734 3327 854 3367 nuruum
864 3309 941 3369 hunc
976 3311 1096 3385 gneum
1118 3309 1254 3383 quamuis
1285 3311 1398 3367 dextras

342 3389 378 3447 ad
402 3387 455 3446 Tit
490 3379 648 3445 Veturium
671 3385 829 3447 Philonem
839 3432 857 3459 ‚f
876 3390 941 3448 Fla·
976 3390 1098 3447 randum
1121 3389 1206 3461 super
1229 3406 1309 3448 aram
1327 3407 1416 3463 porte·

340 3466 448 3526 iniirern
474 3469 654 3544 martialem¹
669 3471 707 3528 A.
734 3468 771 3529 V.
806 3470 842 3529 C.
869 3483 939 3546 549t
975 3471 1003 3529 le
1028 3469 1216 3541 interpretari
1240 3471 1416 3542 polimus-.-

340 3539 464 3617 saltum,
485 3549 578 3606 resert
597 3555 627 3605 et
648 3547 676 3605 in
694 3547 732 3627 )(
749 3540 819 3608 hinc
835 3547 940 3609 ducem
975 3569 1028 3607 nus
1055 3549 1132 3608 inter
1165 3551 1299 3610 incertos
1329 3568 1359 3624 p.
1391 3566 1417 3623 3:

341 3628 471 3702 aliquem
499 3629 687 3696 Romanum
719 3631 788 3687 inde
810 3630 941 3689 Murem
975 3631 1117 3705 produxit
1156 3638 1279 3690 numum
1307 3649 1417 3690 aereum

339 3707 420 3768 hasta
436 3706 597 3782 insignem,
617 3709 768 3785 utrimque
795 3712 940 3770 deiectum
977 3713 1066 3770 etiam
1098 3707 1230 3767 Conrudi
1257 3713 1288 3771 in
1308 3714 1407 3771 fronte

340 3789 444 3864 populi
481 3787 611 3848 Romani
640 3777 754 3848 lroliem
782 3793 941 3850 vulneran·
977 3789 1068 3850 rionis
1089 3791 1156 3849 suae
1175 3791 1273 3850 ‘tertia
1306 3786 1417 3852 serien

341 3881 402 3940 tes,
423 3869 537 3928 exstare
566 3869 677 3937 censet,
709 3869 845 3931 indultus
884 3870 941 3930 Vr·
978 3873 1061 3932 cuius
1088 3872 1160 3930 licet
1175 3863 1309 3932 incertus
1324 3872 1358 3931 srt
1376 3889 1417 3932 aur

334 3939 447 4023 ‚pitane
470 3951 578 4022 Operis
600 3953 635 4007 de
657 3950 738 4010 Ferne
760 3953 850 4011 Rom.
875 3959 942 4010 cre·
979 3965 1076 4011 tamen
1104 3952 1142 4009 ad
1163 3947 1389 4012 celeberrimam

342 4031 459 4099 latura,
490 4031 519 4088 in
551 4045 609 4106 qua
640 4047 733 4102 porca
764 4031 804 4090 est
833 4031 942 4105 amisi,
979 4032 1106 4091 licnrum
1144 4033 1397 4103 coniurationem,

341 4115 434 4184 prout
451 4106 601 4189 Spanhem.
612 4103 659 4169 Pr.
670 4112 707 4173 11.
726 4114 944 4187 properum·
978 4105 1137 4171 Marficum
1167 4103 1281 4172 belluni
1310 4116 1415 4175 deinde

341 4191 480 4248 aduertit.
535 4189 655 4266 Vrssnus
694 4209 800 4264 nempe
828 4207 858 4252 et
892 4194 942 4269 qui
978 4197 1060 4253 iuxta
1085 4191 1165 4252 flor.
1183 4191 1220 4252 L.
1248 4195 1297 4254 lli.
1319 4214 1346 4256 e.
1373 4202 1417 4262 18·

343 4281 409 4329 eum
441 4264 571 4345 sequitur·
601 4270 705 4342 Beuer.
736 4273 796 4333 Th.
827 4276 878 4336 Bm
906 4276 941 4334 llt
978 4275 1090 4334 indicet
1117 4291 1177 4333 non
1200 4273 1311 4343 solum,
1335 4273 1416 4354 quod

342 4356 373 4423 p.
399 4366 466 4426 124.
497 4361 526 4407 et
559 4356 595 4410 ad
629 4341 710 4416 Flor.
739 4346 775 4413 L.
807 4356 827 4415 l.
856 4367 882 4415 c.
913 4372 941 4430 3.
977 4355 1059 4416 riore
1079 4362 1163 4428 parte
1182 4353 1332 4429 estenput
1350 4359 1417 4418 itali

339 4431 526 4505 antiquissimi
566 4433 646 4492 illius
690 4425 821 4495 snederis
867 4438 944 4495 inter
979 4441 1092 4494 tumet
1112 4436 1217 4494 monili
1240 4445 1417 4499 ornatume

342 4511 504 4570 Romulum
537 4514 718 4588 Tatiumque
749 4516 942 4592 ictitnemo·
978 4534 1016 4574 ne
1037 4507 1194 4586 rTALui,
1216 4527 1246 4575 et
1270 4521 1344 4594 quia
1364 4510 1395 4580 ln

342 4593 415 4650 riam
447 4592 668 4664 deprehendere
698 4595 749 4652 srbi
783 4598 942 4669 videntur}
978 4611 1154 4670 comparent
1167 4596 1220 4670 ipsr
1242 4601 1416 4674 coniuratio

343 4671 394 4731 sed
417 4667 541 4729 Facinus
562 4677 668 4734 soedus
686 4677 807 4749 aliquod
837 4679 884 4736 vel
905 4680 942 4738 ab
978 4695 1055 4753 quos
1083 4676 1185 4737 Vellei·
1201 4676 1238 4737 Lt
1259 4677 1301 4741 ΙΙ.
1322 4702 1352 4744 c.
1375 4684 1418 4743 161

340 4751 405 4824 ipsu
434 4741 582 4825 Veturio,
621 4772 687 4813 cum
720 4756 789 4815 esset
815 4759 941 4828 fecialis,
978 4778 1031 4815 nur
1053 4753 1129 4817 neu.
1168 4758 1239 4818 Ciu.
1274 4779 1308 4835 pr
1342 4780 1412 4844 374,

341 4835 390 4890 rel
415 4833 451 4891 ab
473 4835 537 4894 eius
557 4830 660 4912 gentili
682 4836 771 4894 icium
794 4838 940 4913 srgnilica=
978 4857 1104 4914 quorum
1129 4855 1208 4898 vnus
1226 4841 1385 4916 sceptrum
1411 4863 1418 4919 ι

338 4916 366 4978 el
388 4916 556 4998 existimati
581 4917 633 4981 sed
650 4918 760 4979 restius
789 4920 943 4982 denarium
976 4920 1006 4979 in
1027 4921 1127 4981 medlo
1147 4927 1224 4984 rere
1251 4933 1418 5003 porcam·
