3775 5734
1598 430 1853 493 Graecia
1872 432 2108 508 Maior,
2139 447 2280 495 vtor
2301 435 2502 497 verbis
2529 429 2705 511 Festi,

1511 513 1671 577 dieta
1706 514 1788 574 est
1818 510 2038 581 Italia,
2085 516 2248 593 quod
2285 517 2344 575 in
2384 533 2452 576 ea
2484 516 2708 576 multae

1452 630 1459 637 '
1516 596 2220 750 ἓῖἓέἐὲ““ζω“ἒέἒέἒὲ“
2263 598 2707 738 fflisztznzi

1507 772 1650 833 pars
1681 757 1902 817 etiamst
1922 773 2119 819 certos
2141 758 2287 818 fines
2316 755 2706 832 definitosque

1510 837 1737 899 limites
1804 854 1926 898 non
1992 838 2308 904 habuerit,
2369 838 2707 910 ampliffima

1511 928 1711 978 tamen
1748 918 1906 991 fuit,
1967 930 2028 979 et
2074 934 2107 977 a
2151 919 2369 989 Latio,
2410 918 2514 978 vbi
2556 934 2705 995 gens

1503 996 1793 1075 Pelasga,
1832 1000 2230 1077 Aboriginum
2267 1000 2326 1058 in
2352 999 2528 1058 Latio
2560 1016 2706 1059 con-

1504 1078 1731 1151 ditrix,
1774 1078 2080 1149 consedit,
2125 1081 2199 1139 ad
2235 1078 2470 1139 vltimas
2513 1077 2698 1155 vsque

1504 1159 1719 1221 Italiae
1756 1176 1937 1233 oras,
1993 1159 2112 1219 hoc
2153 1159 2275 1232 est,
2317 1161 2392 1218 ad
2428 1159 2697 1220 Bruttios

1502 1252 1573 1301 et
1616 1240 1911 1300 Calabros
1971 1242 2154 1317 vsque
2202 1240 2517 1314 protensa;
2575 1258 2697 1301 non

1492 1322 1675 1398 quod
1706 1320 1932 1397 Pelasgi
1981 1321 2164 1396 vsque
2216 1336 2290 1379 eo
2326 1319 2515 1379 diffusi
2564 1322 2698 1381 fue-

1496 1401 1662 1473 rint,
1722 1401 1823 1462 sed
1873 1402 2039 1478 quod
2082 1402 2280 1460 variae
2329 1402 2700 1462 Graecorum

1498 1494 1711 1559 gentes
1789 1493 1981 1541 totum
2039 1482 2190 1542 illud
2256 1478 2460 1542 ltaliae
2514 1482 2700 1555 latus,

1490 1563 1666 1641 quod
1709 1563 1905 1623 infero
1944 1562 2089 1622 mari
2121 1563 2402 1632 adluitur,
2430 1562 2696 1631 diuet-lis,

1498 1644 1773 1721 quamuis
1809 1660 1932 1703 non
1968 1644 2129 1705 solae
2161 1643 2482 1703 tenuerint.
2539 1643 2697 1703 Nam

1500 1722 1640 1785 illas
1661 1725 2030 1785 Graecorum
2063 1723 2534 1799 immigrationes
2552 1725 2695 1784 alia·

1494 1820 1631 1866 rum
1687 1821 1930 1897 quoque
1973 1805 2238 1880 gentium
2304 1803 2563 1864 coloniis
2604 1805 2697 1865 in-

1496 1888 1807 1945 termixtas
1847 1884 2053 1956 fuisse,
2097 1885 2235 1945 satis
2271 1884 2517 1949 constat.
2605 1886 2698 1946 Ita

1500 1964 1774 2046 capuani
1811 1966 2175 2037 aTroianis‚
2212 1963 2416 2024 calena·
2450 1965 2691 2025 aThra-

1496 2046 1716 2119 cibus,
1762 2042 2059 2105 Picentini
2095 2062 2130 2105 a
2163 2046 2435 2119 Sabinis,
2479 2046 2579 2107 alii
2618 2050 2691 2108 ab

1497 2127 1633 2189 aliis
1667 2127 1899 2189 conditi
1931 2140 2355 2189 memorantur.

1578 2333 1940 2399 Graecorum
1993 2341 2057 2398 in
2102 2338 2284 2400 Italia
2339 2356 2493 2417 opus
2538 2338 2692 2419 anti-

1492 2419 1819 2496 quiffimum
1851 2421 2010 2482 haud
2043 2422 2223 2482 dubie
2249 2422 2382 2482 sunt
2415 2418 2690 2501 Aborigi-

1486 2516 1616 2572 nes,
1658 2499 1936 2563 homines
1978 2520 2014 2563 a
2045 2502 2346 2578 Pelasgide
2378 2501 2480 2563 seu
2498 2502 2686 2562 Arca·

1491 2581 1591 2639 dia
1626 2583 1905 2655 oriundi,
1938 2597 1997 2643 et
2037 2584 2238 2657 postea
2277 2582 2484 2662 Lqeini
2521 2582 2683 2643 dieti.

1487 2662 1640 2721 Sunt
1670 2664 1773 2738 qui
1809 2679 1996 2725 artem
2032 2666 2374 2724 monetandi
2411 2665 2470 2724 in
2507 2664 2686 2724 Latio

1484 2739 1791 2802 inuentam
1851 2744 1964 2803 ess'e
2032 2762 2065 2804 a
2134 2763 2277 2823 rege
2336 2746 2686 2805 Latinorum

1484 2820 1662 2895 Iano,
1694 2823 1787 2883 vel
1822 2822 2055 2899 bospite
2091 2827 2220 2887 eius
2250 2826 2534 2899 Saturno,
2573 2824 2685 2885 ho·

1484 2918 1737 2980 rumque
1817 2906 2151 2980 principum
2214 2922 2516 2967 monetam
2580 2922 2683 2983 ge-

1486 2987 1652 3043 mino
1692 2985 1886 3050 lvultu
1949 3001 2011 3045 et
2078 2989 2322 3050 nauissio
2375 2987 2684 3050 (innatam.

2772 406 2884 463 bus
2955 369 3238 465 exciffos‘.

2775 483 3045 557 constat,
3087 487 3241 546 doce

2772 566 3087 625 Romanos
3121 584 3241 626 retr

2773 645 3134 722 neglexiffe,
3178 661 3241 706 vt

2772 727 3075 801 populos,
3138 728 3241 803 qui

2771 822 2959 881 paene
3009 808 3241 867 nouiffiu

2769 886 2946 946 testes
3005 884 3140 947 sunt
3200 906 3241 948 n

2770 967 3115 1027 ciuitatibus
3164 965 3241 1027 M

2770 1047 2812 1107 fi
2833 1085 2859 1114 ,
2902 1064 3156 1125 quorum
3191 1065 3241 1108 ar

2767 1129 3046 1189 denarios
3077 1129 3241 1189 Rom

2767 1209 2840 1269 de
2862 1209 3062 1269 nullus
3095 1210 3241 1270 dubi

2766 1290 2916 1350 aliae
2947 1306 3189 1365 quoque
3224 1308 3241 1348 ι

2769 1370 3018 1429 Romam
3040 1410 3063 1439 ,
3103 1386 3241 1445 quar

2767 1452 2896 1511 xiae
2951 1465 3168 1511 numos
3219 1452 3241 1510 ί

2765 1531 3052 1593 instituto.
3133 1528 3241 1591 Era

2769 1607 2994 1683 Socim,
3023 1623 3087 1670 et
3111 1613 3241 1673 null

2763 1692 2866 1752 nifi
2901 1692 3166 1753 deleetus
3201 1711 3241 1753 n

2763 1775 2917 1833 duce
2950 1774 3236 1835 Romano

2763 1853 2988 1913 liberae
3013 1895 3037 1925 ‚
3090 1866 3152 1912 et
3229 1853 3241 1915 1

2763 1934 2960 1994 Testis
2987 1934 3069 1993 est
3094 1932 3241 2017 Scip.

2762 2031 2822 2089 p.
2872 2015 2972 2077 60.
3033 2018 3241 2089 interm

2761 2112 2893 2155 mus
2925 2097 3241 2157 etiamnum

2757 2174 3004 2237 socialis
3033 2177 3132 2237 vel
3161 2194 3238 2251 pa

2761 2254 3056 2316 nitatibus
3111 2276 3241 2317 com:

2760 2338 3046 2409 excusos,
3107 2338 3170 2398 in
3215 2357 3241 2415 q

2755 2418 3092 2493 porcellum
3151 2421 3241 2479 ba·

2753 2516 3048 2581 nercamp.
3083 2498 3241 2561 The!

2755 2580 2840 2658 sq.
2923 2582 3236 2643 Habemus

2755 2678 3014 2734 numos,
3059 2678 3241 2745 quos,

2756 2743 3161 2809 conueniunt,
3204 2743 3241 2803 ἰι

2755 2825 2828 2884 de
2903 2823 3016 2883 hac
3089 2823 3241 2883 incer

2753 2920 2888 2967 cum
2954 2902 3236 2969 verifimil

2752 2992 2962 3046 omnes
3057 2985 3241 3047 incer:
