3775 5734
335 496 433 576 1115
613 473 669 550 PL
1244 437 1315 546 ⁸ss

377 659 494 723 Fluur'r‘r
514 657 644 736 Magnae
671 653 817 716 Graeciae
838 667 869 716 et
893 655 939 718 Si·
975 665 1044 712 eum
1063 649 1185 712 inuenit
1207 647 1288 714 Vol.
1309 651 1332 712 l.
1343 669 1371 728 p.
1387 669 1450 730 229.

330 744 421 810 ciliae
441 740 554 814 placuit
574 754 684 810 corpur
711 738 859 796 taurinum
882 737 939 796 hu·
973 731 1064 792 sullus
1082 734 1121 790 de
1138 731 1453 816 huiusmodiligurar

334 833 423 884 mano
452 821 559 890 vultu,
590 817 672 893 quod
705 818 787 877 flatuii
819 817 939 894 lymbo·
972 811 1005 870 in
1034 813 1151 884 nornis,
1175 829 1320 873 accurate
1343 815 1453 890 dilqmri

333 904 397 964 luni
426 901 518 960 fusim
539 898 812 957 demonstrauerunt
840 897 938 958 Nono.
974 891 1186 954 Minotaurum
1205 911 1272 954 non
1291 893 1453 954 essedemon

333 985 372 1044 ad
391 982 472 1042 Golz
505 979 617 1038 Graec.
637 990 698 1036 vet.
720 995 751 1050 p.
769 978 820 1049 76.
847 977 940 1058 roo.)
974 971 1118 1034 Cretense
1129 972 1281 1049 fiqnidem
1306 973 1453 1034 nr'onlhnm

339 1059 506 1139 Schraeger.
517 1073 677 1117 continent.
689 1055 726 1118 de
734 1074 825 1117 numo
846 1058 940 1118 Alex·
972 1051 1168 1125 fiphaescum
1186 1071 1279 1113 taum
1296 1058 1451 1115 concubitu

337 1143 422 1202 andri
445 1140 489 1202 M.
523 1154 551 1196 c.
592 1136 878 1218 12.)Houer·comp.
903 1140 939 1198 de
976 1135 1237 1218 quemadmodum
1291 1136 1453 1196 l‘abularore

337 1219 501 1283 Alexandri
509 1219 556 1278 M.
568 1217 741 1278 numismate
758 1235 841 1291 pao
869 1219 940 1298 or.)
977 1214 1068 1272 menti
1090 1214 1159 1273 suot
1175 1215 1345 1275 humanum
1361 1216 1453 1276 habuit

340 1301 506 1362 Neumnrro.
531 1298 606 1370 Pop.
636 1298 718 1356 Num
755 1298 779 1358 l.
805 1311 872 1371 p.7
897 1299 941 1376 sq.
976 1293 1013 1352 ad
1025 1293 1138 1354 collum
1150 1295 1321 1376 vsquc,cui
1334 1295 1452 1370 superior

341 1396 411 1458 197.
439 1380 471 1438 ll.
499 1395 528 1452 p.
559 1377 649 1457 116.)
684 1375 876 1438 Torremuaaa
911 1379 941 1439 in
977 1389 1040 1432 erat
1056 1375 1133 1434 tarui
1161 1389 1271 1454 caput.
1286 1391 1381 1449 prout
1397 1393 1453 1440 ex.

336 1462 507 1536 prolegom.
532 1457 568 1516 ad
586 1457 668 1522 Sicil.
686 1473 749 1516 vet.
770 1458 942 1532 lnl'eriptio-
976 1451 1166 1534 Apollodoro,
1186 1471 1219 1514 et
1243 1453 1374 1536 Hygino,
1392 1460 1453 1533 quib

340 1558 395 1601 nes
417 1557 448 1612 p.
478 1539 526 1596 26.
554 1537 590 1593 ir.
619 1538 649 1596 in
677 1543 827 1623 proemlo‘
842 1556 942 1599 nouae
974 1535 1072 1607 potest
1094 1531 1301 1616 Palaephatus
1318 1539 1355 1596 de
1370 1538 1453 1596 sabuli

337 1618 512 1682 collectioni
542 1617 675 1690 inscript
718 1619 836 1679 Siciliae
854 1636 939 1691 prae·
974 1615 1144 1678 rationu.
1170 1617 1191 1674 l.
1225 1634 1254 1676 c.
1283 1635 1313 1678 a.
1338 1631 1368 1676 et
1391 1635 1453 1678 err

338 1697 424 1758 millo
447 1716 476 1770 p.
495 1712 545 1770 27.
562 1703 613 1762 αθ.
634 1691 671 1754 er*
685 1697 715 1756 in
732 1699 822 1758 tertio
840 1700 878 1759 ad
894 1701 938 1760 si·
974 1696 1191 1769 monumentis,
1209 1696 1328 1756 Thesei
1353 1699 1453 1758 scilicet

339 1779 441 1840 elliam
457 1777 691 1838 numismaticam
710 1781 874 1840 auctuario.
896 1810 938 1824 -
974 1791 1021 1846 ra,
1040 1791 1116 1852 quae
1138 1776 1180 1835 est
1208 1777 1242 1836 in
1273 1777 1358 1854 regio
1383 1777 1453 1851 Neap

338 1859 512 1933 Aliquando
537 1860 626 1916 etiam
651 1874 760 1931 corpus
781 1861 941 1921 humanum
974 1856 1088 1927 museo,
1100 1869 1129 1914 et
1140 1855 1453 1930 Athenienfiumnumi

337 1941 418 1999 tauri
439 1955 505 1998 cum
527 1952 624 2010 capita
641 1939 672 1998 in
695 1939 824 2000 eiusdem
841 1942 940 2016 regio-
1045 1935 1083 1996 sei
1095 1939 1226 2012 pugnam
1240 1955 1311 1998 curn
1318 1938 1453 2000 Minotaur

341 2021 388 2078 nis
413 2033 516 2078 vetere
531 2019 846 2082 monetaobseruatur.
862 2023 940 2084 ·Te·
976 2017 993 2074 s
1039 2017 1141 2077 ntihua
1186 2017 1391 2080 Morrorellus
1436 2036 1452 2079 o

338 2095 391 2160 stis
411 2099 500 2176 huius
519 2099 563 2157 rei
589 2101 714 2159 eximius
733 2112 764 2160 et
787 2102 944 2177 antiquiffi·
979 2096 1116 2174 Cumque¹
1136 2097 1262 2158 Siciliae
1281 2113 1312 2159 et
1332 2099 1453 2173 Campan

339 2195 407 2242 mus
431 2179 603 2253 Metaponti
623 2180 653 2240 in
679 2181 812 2242 Lucania
838 2198 944 2243 numus
979 2177 1019 2236 mi
1042 2194 1103 2239 non
1133 2176 1294 2248 hominem
1320 2183 1432 2240 taurim

339 2274 513 2336 argenteus,
541 2261 593 2335 qui
628 2259 758 2336 museum
781 2275 869 2321 ornat
896 2280 956 2322 rea
978 2257 1027 2318 sed
1049 2275 1065 2317 e
1086 2260 1235 2319 conuerso
1252 2259 1371 2322 taurum
1393 2260 1453 2321 hum

295 2356 297 2360 ·
340 2340 423 2416 glum
443 2341 692 2414 Neapolitanum,
707 2343 792 2400 errius
817 2343 945 2419 tstypon
980 2341 1025 2398 cie
1056 2338 1197 2404 habeant,
1227 2339 1301 2401 hinc
1333 2341 1448 2401 solicitet

343 2437 361 2480 e
390 2421 537 2500 illigarunt·
555 2422 687 2482 Lucania
714 2422 857 2487 Numisio.
881 2425 943 2486 Tb.
980 2421 1088 2480 duntur
1113 2420 1279 2480 sententiae
1299 2432 1348 2482 tot
1364 2423 1453 2482 viroru

343 2516 394 2577 34.
416 2503 459 2578 fg.
485 2519 515 2576 3.
531 2502 659 2562 restituit
684 2501 848 2564 Neomare.
868 2503 944 2578 Pop.
980 2499 1145 2559 Minotauri
1162 2501 1325 2576 imaginem
1340 2499 1453 2561 hancei

340 2582 434 2642 Num.
465 2581 489 2640 Ι.
521 2599 551 2654 p.
579 2589 597 2647 8
625 2581 669 2658 sq.
703 2583 755 2644 vbi
790 2583 945 2664 monstrat,
979 2592 1057 2640 rant.
1085 2609 1122 2622 ·-
1157 2579 1287 2642 'Perrrrs
1313 2579 1439 2641 cmm

342 2663 546 2738 aritiquiffimie
566 2661 650 2721 fuisse
670 2663 857 2735 temporibus
877 2666 947 2725 Ma·
980 2661 1159 2720 inMonum.
1176 2662 1322 2726 Histoi-ic.
1345 2663 1453 2723 Carano

339 2758 417 2818 gnae
441 2743 585 2802 Graeciae
601 2743 722 2813 fluuios,
733 2744 783 2817 qui
793 2745 947 2806 Minotau-
980 2759 1012 2814 p.
1031 2758 1099 2816 342.
1112 2741 1254 2814 opinatus
1273 2743 1328 2818 eil,
1345 2747 1453 2804 monlht

342 2823 371 2882 ri
401 2821 528 2894 speciem
561 2822 709 2882 interdum
734 2821 947 2902 simulaueriot,
981 2823 1012 2882 in
1039 2821 1172 2882 Catanae
1197 2825 1297 2883 numis
1317 2825 1453 2901 l'ymboiic

340 2902 415 2962 licet
431 2904 519 2974 aliae,
540 2916 684 2976 perpetua
705 2903 769 2961 fere
786 2905 864 2982 lege,
883 2921 947 2968 tau·
982 2901 1118 2980 sigenam,
1140 2919 1200 2978 qua
1212 2911 1335 2964 veteres
1360 2915 1450 2978 arator

340 2984 369 3043 ri
400 2997 509 3056 corpus
531 2983 681 3044 induerint
698 3000 772 3043 cum
796 2986 872 3045 facie
891 2987 947 3048 ho·
983 2999 1031 3044 raa
1054 2983 1084 3044 in
1107 2983 1243 3044 colendis
1272 2988 1353 3064 agria
1374 2989 1451 3068 lahor

341 3065 442 3124 minis.
465 3087 504 3109 -·⁶
561 3059 753 3128 Vulturnum,
781 3067 948 3136 laetissimos
982 3065 1142 3126 serentium
1168 3066 1304 3126 indicare
1334 3067 1453 3128 volueru

342 3144 526 3219 Campaniae
554 3161 645 3222 agros
672 3145 859 3220 irrigantem,
890 3153 948 3210 bos
981 3145 1142 3224 sententiae
1169 3146 1302 3208 adhaesit
1334 3148 1453 3209 Horduri

341 3225 472 3288 humana
484 3227 562 3288 sacia
582 3227 752 3288 adumbrat.
780 3223 946 3296 Neumanr.
983 3232 1020 3288 ad
1057 3227 1136 3300 Plio.
1164 3229 1241 3291 Hill.¹
1268 3229 1341 3290 Nat
1359 3231 1394 3294 L.
1413 3230 1451 3288 lll.

340 3306 433 3382 imp.
459 3325 507 3373 aa.
542 3345 550 3360 ·
981 3326 1012 3384 p.
1040 3311 1108 3371 162.
1153 3308 1228 3388 Quo
1250 3327 1352 3372 tamen
1375 3329 1412 3370 ex
1432 3311 1453 3368 st

984 3389 1073 3449 stema
1088 3389 1147 3450 hoe
1168 3381 1354 3464 explicatum
1365 3391 1452 3462 liene

386 3465 487 3527 fluuii
500 3464 625 3544 biforme
643 3467 797 3546 monstrum
814 3475 949 3548 pluribus
984 3472 1054 3530 ideo
1081 3472 1159 3530 inter
1199 3467 1353 3530 Caarerae
1385 3473 1453 3534 inuti

342 3548 376 3607 in
396 3548 515 3606 Siciliae
541 3550 694 3610 ciuitatum
720 3555 817 3614 nunni
841 3572 948 3616 occur·
985 3550 1164 3614 Hordulnici
1216 3552 1334 3628 iugenii
1387 3553 1453 3629 siml

342 3628 397 3702 rit,
419 3629 553 3704 illudque
573 3631 733 3704 scriptores
751 3635 814 3693 sere
830 3653 946 3704 ornnes,
984 3634 1071 3692 etiam
1097 3647 1127 3692 et
1144 3633 1204 3690 hoc
1217 3623 1415 3696 reiicffirdum
1437 3635 1453 3692 d

342 3722 374 3769 et
396 3710 513 3784 quidem
524 3713 621 3786 magni
639 3715 770 3775 nominis
790 3713 946 3775 llsiu'orau·
981 3741 1022 3756 ·-
1064 3709 1214 3795 Sponsor.
1239 3713 1291 3776 Pr.
1316 3717 1339 3776 l.
1364 3733 1391 3789 p·
1417 3721 1452 3780 ai

340 3793 373 3848 ri
391 3789 513 3865 figuram
540 3791 596 3852 elle
625 3795 776 3867 censuere,
797 3814 885 3872 quam
899 3800 944 3858 si·
980 3793 1048 3852 dori
1081 3793 1268 3874 Apollodori¹
1285 3809 1317 3858 et
1348 3795 1453 3876 Hygini

332 3871 428 3945 ,culae
455 3872 591 3932 ciuitates
614 3876 774 3947 exprtll'am
794 3877 822 3934 in
849 3881 944 3940 mimis
980 3873 1153 3935 sisinotourr'
1178 3874 1400 3950 descriptiones
1420 3895 1451 3950 pr

342 3951 506 4009 uoluerunt
526 3956 563 4010 ad
591 3971 694 4013 eorum
716 3972 733 4014 e
755 3956 944 4020 Cratenlibus
978 3956 1018 4017 lis
1043 3956 1161 4022 hahuit,
1189 3954 1389 4030 suspicionem
1417 3975 1453 4032 pr·

345 4031 494 4105 originem
528 4034 795 4096 demonstrandam.
861 4042 947 4102 llanc
979 4054 1042 4099 rem
1071 4037 1220 4114 tamen-in
1249 4039 1367 4112 medio,
1390 4055 1453 4112 prot

340 4107 516 4170 sententiam
533 4127 580 4173 tot
605 4116 833 4178 dotlillimorum
864 4123 948 4181 viro·
982 4131 1058 4184 erat,
1079 4118 1214 4193 reliquit.
1235 4147 1276 4163 -
1308 4121 1453 4180 Alexiusl

340 4205 408 4282 auin
445 4195 579 4267 ¹generali
609 4198 762 4257 concensu
803 4202 947 4274 deceptui
982 4196 1048 4256 chus
1075 4197 1250 4258 Moroclr'ur
1272 4199 1441 4261 Commeat.

343 4285 432 4330 earm
465 4275 561 4348 tenuit
581 4277 721 4349 princeps
751 4276 946 4342 Tor-remum
982 4298 1053 4340 neas
1074 4281 1288 4342 Heracleenscs
1310 4281 1453 4352 'fabulam

339 4363 372 4413 et
382 4352 479 4422 palum
489 4357 648 4414 monstrum
669 4356 729 4416 hoc
739 4359 946 4424 Minotaurum
986 4358 1155 4442 Neptunum
1181 4353 1239 4422 hac
1263 4361 1368 4422 sorma
1388 4375 1405 4426 a
1428 4374 1453 4420 vr·

340 4430 415 4522 dixit
440 4431 497 4492 sirie
520 4435 698 4510 inscriptis,
728 4453 757 4496 et
774 4444 946 4512 praesertim
982 4443 1103 4518 effigiari
1129 4441 1354 4514 suburbicaria
1383 4456 1451 4518 quae

339 4524 371 4572 ur
391 4515 533 4589 catalogo
553 4518 779 4594 numoplnlacii
801 4524 842 4582 sui
862 4526 945 4586 edito
981 4522 1052 4582 hnic
1077 4523 1239 4582 sententiae
1260 4524 1325 4584 adu
1445 4555 1453 4590 i

337 4607 418 4654 anno
438 4595 528 4674 1767.
550 4595 653 4657 Postea
662 4615 735 4659 vero
748 4600 843 4663 lutosi
856 4605 946 4668 Mor·
981 4603 1038 4664 l'uit
1059 4603 1161 4674 artior
1178 4603 1266 4682 supra
1289 4603 1394 4674 dreia.

336 4670 452 4762 torellr'i
491 4677 578 4749 opus
598 4679 700 4740 italice
723 4681 876 4758 serianum,
897 4689 945 4748 cui
981 4677 1191 4758 Neapolitanis
1225 4674 1369 4750 Colonili
1393 4677 1453 4746 vol

337 4755 463 4815 urulur:
515 4757 607 4820 Delie
638 4761 770 4834 Anticlre
811 4768 944 4830 Colonie
980 4783 1052 4840 231.
1074 4767 1165 4838 cuiue¹
1184 4755 1453 4826 Marmarion

337 4850 450 4896 venare
472 4838 502 4900 in
526 4839 659 4916 Neapoli
682 4857 741 4904 etc.
776 4845 945 4921 impressum
979 4846 1075 4908 tentia
1093 4843 1257 4911 lumime
1275 4843 1335 4910 effe

336 4913 472 4996 Neapoli
488 4925 581 5008 1764,
595 4937 665 4987 eum
681 4939 883 5006 percurreret,
897 4930 945 4994 lo·
977 4925 1073 5007 bouso
1089 4925 1175 5008 cuius
1196 4923 1320 5012 eulalius
1340 4999 1344 5008 ,
1391 4923 1397 5010 ζ
