3775 5734
283 608 291 623 ,
362 513 439 613 doz
533 448 679 573 *Di
1262 458 1329 571 Di
1518 508 1586 585 aea

364 677 456 751 τιν’,
472 676 563 751 capiti
584 674 805 741 circumdedisi'e
832 674 963 741 Alexan·
997 675 1136 739 Veneris.
1168 672 1475 737 Cereris'ali'arumrie
1499 678 1592 751 capita

367 756 614 831 dtumperhibet.
631 758 963 837 iidtigiturPer'stium,
998 759 1049 819 sub
1078 756 1272 833 Augustarum
1288 755 1407 817 illarum
1431 756 1527 833 effigie
1544 758 1590 817 de·

365 838 448 917 quod
466 838 634 901 Alexander
651 840 818 913 adoptauit,
839 840 966 899 addidit·
998 840 1169 917 pinguntur.

367 933 426 995 que
448 916 653 999 Materiaque,
676 936 710 978 ac
736 918 799 992 ipso
816 922 892 979 adeo
911 937 966 977 co·

367 996 436 1059 iore
459 998 606 1060 diuersum
630 1016 649 1059 a
677 1000 851 1072 communi,
880 998 961 1075 quod
1040 996 1132 1077 Qatod
1151 1012 1226 1057 vero
1247 1008 1334 1059 antea
1349 996 1497 1059 Romania
1521 1008 1591 1057 exo-

370 1076 489 1137 candsdi
506 1092 570 1139 erat
590 1079 715 1143 coloris.
736 1107 777 1121 -
800 1081 849 1138 Ab
869 1080 961 1140 Alex·
995 1078 1057 1139 sum
1091 1088 1167 1151 etat,
1192 1077 1342 1151 peculiare
1366 1076 1486 1139 tandem
1501 1074 1591 1149 Impe-

326 1214 329 1221 .
367 1158 454 1219 andri
480 1158 548 1217 dein
573 1156 784 1219 sarceeisoribars
819 1160 888 1218 dein
911 1160 961 1219 ad·
996 1174 1130 1221 rarorum
1154 1158 1213 1217 suit
1240 1156 1386 1229 diadema,
1417 1170 1448 1215 et
1478 1156 1591 1233 quidem

365 1235 495 1301 sumtum
517 1238 652 1301 diadema
686 1241 778 1305 docet
811 1236 961 1327 Spaniam.
996 1238 1119 1379 {enimse
1153 1236 1330 1308 distinctam,
1366 1237 1448 1315 quod
1474 1234 1593 1309 ipsos:

314 1368 317 1375 .
365 1314 417 1381 aa.
435 1318 463 1380 1.
482 1334 514 1393 p.
534 1334 603 1395 470.
1022 1318 1169 1381 aesaribus
1186 1315 1400 1393 distinguebat,
1424 1314 1593 1377 caetarshur

996 1398 1114 1477 quidem
1135 1398 1287 1457 nonnullis
1303 1398 1334 1455 id
1353 1396 1534 1469 concesium,
1546 1394 1593 1457 sed

409 1475 489 1539 silba
498 1475 581 1537 sitisse
595 1476 771 1552 diademata,
789 1480 896 1559 quibus
914 1494 962 1541 re·
997 1478 1088 1541 vilius
1108 1493 1170 1537 erat
1186 1478 1398 1557 Augustorum,
1415 1492 1471 1539 nec
1485 1476 1593 1553 simper

369 1571 441 1635 gum
457 1556 572 1617 frontes
597 1559 803 1636 cingebantur,
838 1578 875 1621 ex
891 1562 965 1621 Sue·
998 1558 1179 1639 gestandum.¹
1375 1564 1379 1579 '
1463 1568 1478 1589 ⁸

368 1635 479 1709 eonio,
508 1636 676 1712 Cicerone,
710 1640 779 1703 Vas.
815 1640 965 1713 niaximo,
1176 1642 1182 1663 '

368 1714 517 1789 Luciamo,
534 1714 656 1801 aliisque
668 1723 778 1794 probat
792 1720 832 1781 io.
850 1718 964 1782 lieren.
1040 1715 1194 1779 Caracalla
1212 1718 1290 1792 apud
1306 1718 1464 1777 Romanos
1486 1717 1593 1791 primur

370 1798 408 1859 de
425 1796 534 1859 vellito
545 1798 657 1863 sacerd.
673 1800 857 1863 Ebraeorum
874 1801 910 1862 L.
924 1800 965 1862 11.
1001 1798 1089 1874 capiti
1111 1798 1243 1860 innexuit
1259 1798 1405 1868 diadema,
1426 1798 1472 1857 vti
1502 1794 1593 1857 Viator

372 1890 401 1935 c.
426 1892 457 1953 4.
476 1892 507 1951 p.
531 1888 603 1953 509.
635 1880 746 1953 pariter
784 1874 965 1955 Freinshem.
1001 1880 1053 1941 ait.
1096 1878 1171 1939 Eum
1193 1894 1298 1950 nernpe
1322 1876 1457 1945 tentasse,
1478 1890 1512 1939 vt
1532 1874 1593 1949 iasa·

371 1952 545 2025 Comme'llt·
570 1960 602 2023 in
631 1960 717 2027 Clut.
740 1962 776 2026 L.
807 1962 863 2026 111.
891 1978 919 2025 c.
938 1976 966 2041 3.
1001 1960 1051 2037 gni
1073 1958 1126 2019 illo
1148 1960 1232 2032 restio
1256 1974 1431 2029 ornaretur,
1467 1956 1594 2017 consitae

374 2030 408 2119 ς.
428 2050 478 2117 19·
1002 2040 1100 2115 potest
1115 2056 1151 2099 car
1175 2040 1289 2117 aliquot
1306 2039 1373 2097 eius
1391 2038 1505 2109 nuntie,
1526 2054 1592 2139 qua·

1002 2122 1046 2183 les
1070 2121 1135 2181 sunt
1161 2120 1220 2180 duo
1253 2117 1437 2182 Tarsensium
1473 2120 1503 2177 in
1527 2116 1593 2179 ersi·

416 2194 595 2275 Diademate
614 2200 681 2266 solo
695 2202 970 2281 reundaquando-
1003 2202 1049 2264 cia
1072 2199 1142 2267 cusa.
1162 2200 1265 2275 illique
1282 2200 1617 2275 ernaxsmorumgeare·

374 2291 434 2353 que
453 2278 660 2343 Arsacidarum
680 2283 778 2357 capita
802 2284 833 2342 in
861 2285 971 2359 naamis,
1004 2298 1049 2351 re,
1069 2282 1120 2357 qui
1141 2278 1200 2341 hoc
1217 2280 1244 2340 ei
1265 2278 1372 2351 capitis
1392 2280 1621 2355 ornamenntnf„

375 2357 555 2437 quandoque
572 2375 670 2423 autem
693 2380 759 2423 cum
778 2364 878 2425 addita
897 2364 972 2425 tiara
1006 2363 1149 2425 tribuunt.
1181 2356 1413 2441 Spanh.Pr.11³
1435 2364 1506 2435 388.
1538 2354 1594 2431 ..ΙΙ
1620 2426 1621 2431 ,

371 2436 425 2497 seu
441 2440 557 2507 cidari,
577 2458 674 2519 neque
702 2456 799 2503 tamen
825 2440 972 2509 diadema·
1006 2458 1081 2512 vno,
1103 2458 1118 2499 a
1145 2436 1278 2515 Trijlano
1298 2439 1335 2501 11.
1355 2456 1384 2513 p.
1409 2450 1481 2513 215.
1502 2430 1593 2513 edito,
1618 2502 1621 2515 ,

370 2516 412 2577 tis
429 2522 550 2581 nomine
570 2521 734 2598 designatur
752 2522 872 2595 cidaris,
891 2526 974 2587 iuxta
1007 2522 1161 2582 Caracalla
1169 2518 1301 2593 depitius
1315 2520 1446 2583 cernitur
1461 2520 1596 2583 cundo·

373 2592 548 2681 Brifflmittm
558 2614 588 2665 et
600 2598 748 2689 Spaniam.
764 2601 813 2668 Pr.
824 2604 848 2667 1.
857 2616 918 2685 450
926 2604 969 2685 sq.
1007 2604 1135 2673 deniare,
1153 2602 1202 2661 scra
1216 2600 1305 2663 sascia
1320 2600 1379 2659 lata
1395 2601 1444 2659 vel
1463 2600 1595 2675 candith
1619 2640 1621 2675 :

1007 2700 1073 2745 cum
1093 2684 1185 2755 epigr.
1198 2696 1274 2745 aaa.
1300 2698 1330 2742 at.
1348 2696 1384 2741 aa.
1402 2696 1474 2741 nra.
1493 2692 1595 2751 ezra·
1618 2720 1621 2757 3

418 2753 596 2823 Diademate
610 2762 743 2827 reuinoa
756 2766 787 2829 in
796 2765 892 2829 numis
901 2764 967 2825 dea·
1001 2780 1059 2825 roc
1086 2776 1309 2825 stanneauoc
1331 2775 1361 2823 et
1381 2760 1412 2822 in
1428 2776 1497 2820 arca
1513 2776 1546 2823 n.
1564 2774 1595 2825 n.

371 2851 439 2897 mam
461 2855 580 2917 quoque
593 2844 691 2921 capita
712 2846 846 2917 Iunonis,
869 2842 970 2909 Vene-
1003 2844 1037 2905 ln
1058 2844 1151 2905 altero
1183 2856 1280 2901 autem
1312 2858 1378 2901 cum
1400 2842 1596 2905 diademaaee
1619 2906 1621 2919 ,

370 2917 795 3073 {ilaiiliiil,⁰²⁰ilss“¹¹⁶¹i
821 2924 970 3072 ⁰“l‘''‘¹¹i
1004 2924 1318 3067 “smiliiislia
1338 2920 1439 3061 'dlii‘
1468 2920 1597 3069 uli:

403 3044 410 3055 ·
711 3023 1063 3073 acu..20re
1192 3019 1200 3061 t
1320 3044 1438 3063 ..

373 3076 419 3151 sq.
447 3092 478 3145 et
503 3022 690 3165 Spaniagl’r.
718 3088 743 3149 1.
782 3024 903 3165 mg54p5.
930 3116 966 3129 -
1004 3024 1155 3161 1ειετιινοο
1179 3095 1529 3146 intramuraneum.
1595 3100 1610 3131 -·

372 3153 496 3221 Praeter
522 3162 673 3225 raritatem
701 3184 775 3228 vero
806 3170 849 3227 rei
872 3167 971 3227 diade·

370 3253 423 3298 ma
437 3258 456 3305 a
473 3244 573 3317 poetis
590 3246 700 3321 Atreo,
718 3249 879 3323 Thyestae,
896 3250 972 3327 Qui·
1044 3246 1116 3309 Non
1126 3260 1230 3309 omnes
1244 3243 1444 3317 imperatorer
1453 3240 1517 3319 posi
1527 3240 1599 3307 Dio·
1615 3270 1617 3275 ·

372 3318 443 3383 tlno
471 3324 615 3389 tributum
648 3328 698 3389 esi.
759 3327 866 3411 Spania.
894 3330 913 3387 l.
945 3345 988 3389 c.·
1006 3326 1163 3387 cletianum
1183 3336 1331 3399 gemmato
1352 3322 1395 3385 vsa
1422 3322 1597 3391 diademate.

374 3398 475 3463 Etiam
489 3420 506 3481 a
521 3406 696 3467 monetariis
707 3422 736 3467 et
745 3408 890 3467 statuariis
898 3408 971 3468 scui-
1007 3424 1073 3468 cum
1092 3404 1256 3467 Constantii
1268 3403 1388 3475 Chlori,
1405 3402 1518 3465 Galerii
1531 3402 1597 3465 Ha·

373 3491 458 3553 ptum
476 3482 520 3563 'eil
534 3484 699 3549 diademate
716 3488 843 3551 cinnam
860 3490 973 3549 Romu·
1007 3486 1140 3559 xsmiani,
1162 3486 1318 3545 Maximini
1333 3498 1364 3545 et
1384 3482 1532 3551 nami

373 3560 398 3655 ii
416 3578 506 3635 caput
521 3568 557 3625 ad
582 3568 748 3641 exemplum
766 3570 891 3629 aliorum
911 3585 973 3631 tum
1007 3568 1047 3628 nri
1076 3570 1210 3629 laaueaao
1238 3570 1365 3635 tantaun,
1402 3566 1455 3625 vei

374 3658 407 3705 in
428 3642 497 3703 nna
518 3662 552 3707 ac
577 3648 699 3722 Europa
715 3667 828 3725 regum.
872 3651 921 3709 Sic
942 3650 973 3711 in
1008 3662 1058 3709 aut
1084 3648 1205 3709 subinde
1236 3662 1302 3707 cum
1335 3662 1450 3707 corona
1477 3644 1605 3717 naim,

374 3736 408 3785 n.
430 3724 591 3787 Terentiae
617 3732 714 3803 gentse
741 3731 859 3809 Quirini
885 3742 974 3803 caput
1007 3728 1138 3809 nuspiam
1166 3742 1232 3789 cum
1250 3726 1415 3785 diademate
1442 3738 1608 3803 gemmato,-

373 3802 530 3871 laruarum
550 3822 581 3875 et
599 3825 668 3873 cum
682 3812 847 3875 diademate
873 3812 990 3875 obser·'
1008 3808 1028 3871 sa
1045 3826 1135 3869 vnum
1160 3808 1239 3867 sorte
1258 3806 1309 3865 sub
1339 3804 1444 3865 iovis
1470 3806 1558 3875 tinnio
1570 3816 1599 3869 Δ

372 3896 471 3951 eatur.
1014 3885 1141 3965 Tristan.
1158 3888 1211 3945 isi.
1223 3902 1253 3959 p.
1270 3902 1341 3963 433.
1365 3886 1521 3963 visitatum
1537 3874 1598 3957 fib

1003 3971 1070 4033 leaii
1083 3985 1201 4031 numum
1219 3966 1363 4043 excipias,
1384 3966 1600 4031 maioma*

417 4042 608 4115 Dirimant
633 4052 716 4113 vium
746 4053 875 4114 Romani
897 4050 971 4113 odio
1003 4068 1070 4115 rum
1087 4048 1194 4127 capita.

372 4140 475 4207 regum
499 4128 617 4209 aliquot
653 4134 778 4195 saeculis
800 4134 972 4207 saareueaunt

374 4220 429 4279 aut
452 4208 592 4273 rariffime
625 4230 662 4273 eo
683 4214 725 4276 vsi
749 4214 973 4289 conspiciuntur
1048 4210 1094 4271 De
1114 4209 1278 4269 Aureliano
1298 4206 1418 4285 quidem
1444 4202 1603 4269 viund-

373 4288 510 4365 Augusti.
533 4292 711 4356 Diademata
720 4294 839 4371 quidem
857 4294 975 4353 saccur·
1008 4291 1116 4362 sumat,
1138 4292 1218 4365 quod
1246 4290 1359 4363 primur
1386 4290 1467 4363 apud
1493 4290 1604 4353 lion&

371 4369 578 4431 tuntsnbinde
602 4372 705 4436 Liuiae
724 4376 861 4451 Augusti,
878 4376 974 4435 linto-
1008 4388 1064 4433 nos
1091 4372 1255 4429 diademate
1278 4368 1345 4431 vsut
1362 4368 1474 4441 suerit·
1495 4370 1603 4447 pant«

371 4448 442 4513 niae
462 4450 607 4527 Neronis,
622 4454 768 4517 Drusillae
793 4470 823 4515 et
847 4458 974 4515 aliorum
1012 4450 1165 4511 lornandcs
1186 4450 1224 4511 de
1247 4466 1304 4509 eo:
1338 4448 1366 4511 ia
1390 4450 1472 4527 inq,
1523 4462 1621 4527 gessi·¹

373 4546 496 4609 quoque
521 4532 589 4593 dein
616 4534 826 4609 degradatum,
848 4550 882 4595 vt
900 4538 972 4595 ota-
1009 4550 1072 4593 nias
1099 4530 1241 4603 vestibus,
1273 4528 1539 4609 calceamentisque
1558 4528 1605 4591 iu·

372 4610 461 4671 ciliae
487 4610 631 4689 Philippi,
659 4630 689 4677 et
713 4616 871 4675 saloninae
899 4617 972 4675 Gal·
1006 4612 1107 4685 seruit,
1138 4608 1360 4689 dindtmdanue
1385 4610 1539 4685 incapite.
1568 4606 1603 4671 ΙΙ

372 4690 446 4751 lieni
466 4692 627 4769 coniugum
656 4696 685 4755 in
714 4696 844 4771 antiquis
872 4713 971 4755 earum
1007 4711 1098 4755 ntimo
1119 4693 1208 4753 etiam
1222 4692 1316 4751 Ducit
1341 4682 1518 4763 ‹sifi-boteri
1542 4690 1605 4751 siu·

372 4772 472 4837 naamis
490 4774 601 4849 capita,
631 4776 794 4839 cuiusmodi
812 4777 893 4835 modi
917 4777 971 4835 ali·
1009 4774 1137 4834 aelianus
1160 4772 1325 4832 diademate
1341 4770 1456 4835 cinctus
1472 4772 1602 4849 adeam

373 4866 450 4931 quot
463 4854 600 4930 uulgauit
622 4850 811 4937 Trr'finnarset
829 4855 970 4929 posteram
1005 4855 1063 4917 sed
1085 4852 1206 4931 proprie
1226 4852 1377 4929 loquendo
1394 4850 1447 4915 sula
1463 4848 1607 4915 carm

372 4932 436 5011 elii,
462 4932 518 5003 ted
545 4938 656 5019 quibua
688 4936 810 5009 dearum
833 4937 971 5013 lunonis,
1006 4934 1071 4999 aino
1096 4934 1142 4999 M.
1169 4934 1287 4997 demum
1310 4930 1380 5005 nsua
1395 4930 1447 5009 irie
1462 4928 1605 5075 aad&
