<?xml version="1.0" encoding="UTF-8"?>
<!DOCTYPE html PUBLIC "-//W3C//DTD XHTML 1.0 Transitional//EN"
    "http://www.w3.org/TR/xhtml1/DTD/xhtml1-transitional.dtd">
<html xmlns="http://www.w3.org/1999/xhtml" xml:lang="en" lang="en">
 <head>
  <title>
</title>
<meta http-equiv="Content-Type" content="text/html;charset=utf-8" />
  <meta name='ocr-system' content='tesseract 3.04.00' />
  <meta name='ocr-capabilities' content='ocr_page ocr_carea ocr_par ocr_line ocrx_word'/>
</head>
<body>
  <div class='ocr_page' id='page_1' title='image "./lexiconvniversa03rascgoog/lexiconvniversa03rascgoog_0153.png"; bbox 0 0 3775 5734; ppageno 0'>
   <div class='ocr_carea' id='block_1_1' title="bbox 363 444 1577 594">
    <p class='ocr_par' dir='ltr' id='par_1_1' title="bbox 363 444 1577 594">
     <span class='ocr_line' id='line_1_1' title="bbox 363 444 1577 594; baseline -0.003 -31"><span class='ocrx_word' id='word_1_1' title='bbox 363 502 426 579; x_wconf 71' lang='lat'>293</span> <span class='ocrx_word' id='word_1_2' title='bbox 619 444 682 559; x_wconf 78' lang='lat' dir='ltr'>Di</span> <span class='ocrx_word' id='word_1_3' title='bbox 830 480 960 533; x_wconf 48' lang='grc' dir='ltr'>ἰ</span> <span class='ocrx_word' id='word_1_4' title='bbox 1161 454 1313 559; x_wconf 43' lang='lat' dir='ltr'>‘DI</span> <span class='ocrx_word' id='word_1_5' title='bbox 1499 498 1577 594; x_wconf 70' lang='lat'>294</span> 
     </span>
    </p>
   </div>
   <div class='ocr_carea' id='block_1_2' title="bbox 363 659 1621 5089">
    <p class='ocr_par' dir='ltr' id='par_1_2' title="bbox 363 659 1621 5089">
     <span class='ocr_line' id='line_1_2' title="bbox 388 659 1580 744; baseline -0.002 -19"><span class='ocrx_word' id='word_1_6' title='bbox 388 660 570 733; x_wconf 73' lang='lat' dir='ltr'><em>Diomedes,</em></span> <span class='ocrx_word' id='word_1_7' title='bbox 608 680 666 734; x_wconf 78' lang='lat' dir='ltr'>rex</span> <span class='ocrx_word' id='word_1_8' title='bbox 690 661 861 738; x_wconf 72' lang='lat' dir='ltr'>Thraciae,</span> <span class='ocrx_word' id='word_1_9' title='bbox 895 662 947 741; x_wconf 85' lang='lat' dir='ltr'>qul</span> <span class='ocrx_word' id='word_1_10' title='bbox 980 663 1062 737; x_wconf 86' lang='lat' dir='ltr'>hem,</span> <span class='ocrx_word' id='word_1_11' title='bbox 1083 662 1121 723; x_wconf 85' lang='lat' dir='ltr'>de</span> <span class='ocrx_word' id='word_1_12' title='bbox 1135 676 1193 741; x_wconf 87' lang='lat' dir='ltr'>qut</span> <span class='ocrx_word' id='word_1_13' title='bbox 1211 659 1346 744; x_wconf 82' lang='lat' dir='ltr'>Pompon.</span> <span class='ocrx_word' id='word_1_14' title='bbox 1365 661 1469 726; x_wconf 85' lang='lat' dir='ltr'>Mein:</span> <span class='ocrx_word' id='word_1_15' title='bbox 1489 670 1580 744; x_wconf 50' lang='grc' dir='ltr'>,μμ</span> 
     </span>
     <span class='ocr_line' id='line_1_3' title="bbox 363 743 1580 823; baseline 0.005 -16"><span class='ocrx_word' id='word_1_16' title='bbox 363 764 414 807; x_wconf 86' lang='lat' dir='ltr'>um</span> <span class='ocrx_word' id='word_1_17' title='bbox 433 762 533 823; x_wconf 79' lang='lat' dir='ltr'>equos</span> <span class='ocrx_word' id='word_1_18' title='bbox 553 746 623 807; x_wconf 88' lang='lat' dir='ltr'>suos</span> <span class='ocrx_word' id='word_1_19' title='bbox 638 744 766 805; x_wconf 73' lang='lat' dir='ltr'>humana</span> <span class='ocrx_word' id='word_1_20' title='bbox 784 761 872 805; x_wconf 87' lang='lat' dir='ltr'>carne</span> <span class='ocrx_word' id='word_1_21' title='bbox 886 746 949 805; x_wconf 89' lang='lat' dir='ltr'>ale·</span> <span class='ocrx_word' id='word_1_22' title='bbox 980 747 1032 823; x_wconf 80' lang='lat' dir='ltr'>gio</span> <span class='ocrx_word' id='word_1_23' title='bbox 1053 744 1180 805; x_wconf 86' lang='lat' dir='ltr'>vltetior</span> <span class='ocrx_word' id='word_1_24' title='bbox 1204 743 1381 805; x_wconf 86' lang='lat' dir='ltr'>Diomedem</span> <span class='ocrx_word' id='word_1_25' title='bbox 1406 748 1493 821; x_wconf 92' lang='lat' dir='ltr'>tulit,</span> <span class='ocrx_word' id='word_1_26' title='bbox 1521 753 1580 813; x_wconf 91' lang='lat' dir='ltr'>im·</span> 
     </span>
     <span class='ocr_line' id='line_1_4' title="bbox 363 824 1581 903; baseline 0.006 -16"><span class='ocrx_word' id='word_1_27' title='bbox 363 840 411 899; x_wconf 86' lang='lat' dir='ltr'>et,</span> <span class='ocrx_word' id='word_1_28' title='bbox 432 828 472 886; x_wconf 90' lang='lat' dir='ltr'>ab</span> <span class='ocrx_word' id='word_1_29' title='bbox 488 826 622 887; x_wconf 79' lang='lat' dir='ltr'>Hercule</span> <span class='ocrx_word' id='word_1_30' title='bbox 638 826 757 897; x_wconf 69' lang='lat' dir='ltr'>vidus,</span> <span class='ocrx_word' id='word_1_31' title='bbox 777 826 862 903; x_wconf 77' lang='lat' dir='ltr'>equis</span> <span class='ocrx_word' id='word_1_32' title='bbox 887 824 947 885; x_wconf 86' lang='lat' dir='ltr'>suis</span> <span class='ocrx_word' id='word_1_33' title='bbox 981 827 1118 886; x_wconf 77' lang='lat' dir='ltr'>manibus</span> <span class='ocrx_word' id='word_1_34' title='bbox 1144 824 1229 900; x_wconf 87' lang='lat' dir='ltr'>equis</span> <span class='ocrx_word' id='word_1_35' title='bbox 1254 826 1437 887; x_wconf 83' lang='lat' dir='ltr'>mandendos</span> <span class='ocrx_word' id='word_1_36' title='bbox 1458 830 1581 894; x_wconf 90' lang='lat' dir='ltr'>solitum</span> 
     </span>
     <span class='ocr_line' id='line_1_5' title="bbox 363 900 1580 982; baseline 0.007 -15"><span class='ocrx_word' id='word_1_37' title='bbox 363 900 545 981; x_wconf 80' lang='lat' dir='ltr'>rpauuh&#39;m</span> <span class='ocrx_word' id='word_1_38' title='bbox 565 907 608 967; x_wconf 73' lang='lat' dir='ltr'>eii</span> <span class='ocrx_word' id='word_1_39' title='bbox 636 901 792 976; x_wconf 76' lang='lat' dir='ltr'>obieeiuo,</span> <span class='ocrx_word' id='word_1_40' title='bbox 828 905 864 965; x_wconf 90' lang='lat' dir='ltr'>de</span> <span class='ocrx_word' id='word_1_41' title='bbox 886 922 947 982; x_wconf 87' lang='lat' dir='ltr'>quo</span> <span class='ocrx_word' id='word_1_42' title='bbox 981 908 1132 967; x_wconf 76' lang='lat' dir='ltr'>obieilare</span> <span class='ocrx_word' id='word_1_43' title='bbox 1157 907 1309 979; x_wconf 84' lang='lat' dir='ltr'>aduenas,</span> <span class='ocrx_word' id='word_1_44' title='bbox 1347 920 1378 965; x_wconf 91' lang='lat' dir='ltr'>et</span> <span class='ocrx_word' id='word_1_45' title='bbox 1404 908 1505 973; x_wconf 89' lang='lat' dir='ltr'>iisdem</span> <span class='ocrx_word' id='word_1_46' title='bbox 1540 915 1580 977; x_wconf 87' lang='lat' dir='ltr'>ab</span> 
     </span>
     <span class='ocr_line' id='line_1_6' title="bbox 363 984 1582 1069; baseline 0.005 -20"><span class='ocrx_word' id='word_1_47' title='bbox 363 985 480 1049; x_wconf 67' lang='lat' dir='ltr'>lusidius</span> <span class='ocrx_word' id='word_1_48' title='bbox 495 988 528 1049; x_wconf 89' lang='lat' dir='ltr'>in</span> <span class='ocrx_word' id='word_1_49' title='bbox 544 987 632 1061; x_wconf 86' lang='lat' dir='ltr'>Ibin,</span> <span class='ocrx_word' id='word_1_50' title='bbox 652 1000 684 1047; x_wconf 91' lang='lat' dir='ltr'>et</span> <span class='ocrx_word' id='word_1_51' title='bbox 709 984 747 1047; x_wconf 85' lang='lat'>1.</span> <span class='ocrx_word' id='word_1_52' title='bbox 771 986 824 1046; x_wconf 90' lang='lat' dir='ltr'>IX.</span> <span class='ocrx_word' id='word_1_53' title='bbox 847 985 948 1046; x_wconf 88' lang='lat' dir='ltr'>Meta·</span> <span class='ocrx_word' id='word_1_54' title='bbox 983 988 1116 1047; x_wconf 84' lang='lat' dir='ltr'>Hercule</span> <span class='ocrx_word' id='word_1_55' title='bbox 1142 987 1302 1046; x_wconf 77' lang='lat' dir='ltr'>obieilum.</span> <span class='ocrx_word' id='word_1_56' title='bbox 1343 988 1471 1062; x_wconf 84' lang='lat' dir='ltr'>Turris,</span> <span class='ocrx_word' id='word_1_57' title='bbox 1492 1010 1582 1069; x_wconf 87' lang='lat' dir='ltr'>quam</span> 
     </span>
     <span class='ocr_line' id='line_1_7' title="bbox 363 1066 1582 1143; baseline 0.005 -14"><span class='ocrx_word' id='word_1_58' title='bbox 363 1066 469 1143; x_wconf 85' lang='lat' dir='ltr'>tnrph.</span> <span class='ocrx_word' id='word_1_59' title='bbox 489 1100 533 1115; x_wconf 92' lang='lat'>·-</span> <span class='ocrx_word' id='word_1_60' title='bbox 565 1066 701 1131; x_wconf 79' lang='lat' dir='ltr'>Eundem</span> <span class='ocrx_word' id='word_1_61' title='bbox 726 1066 873 1127; x_wconf 88' lang='lat' dir='ltr'>Hercules</span> <span class='ocrx_word' id='word_1_62' title='bbox 900 1080 948 1127; x_wconf 89' lang='lat' dir='ltr'>ca·</span> <span class='ocrx_word' id='word_1_63' title='bbox 983 1067 1141 1127; x_wconf 83' lang='lat' dir='ltr'>Diomedis</span> <span class='ocrx_word' id='word_1_64' title='bbox 1163 1082 1294 1140; x_wconf 86' lang='lat' dir='ltr'>vocant,</span> <span class='ocrx_word' id='word_1_65' title='bbox 1322 1066 1433 1143; x_wconf 83' lang='lat' dir='ltr'>fignunr</span> <span class='ocrx_word' id='word_1_66' title='bbox 1460 1072 1582 1135; x_wconf 85' lang='lat' dir='ltr'>fabulae</span> 
     </span>
     <span class='ocr_line' id='line_1_8' title="bbox 363 1144 1580 1223; baseline 0.004 -14"><span class='ocrx_word' id='word_1_67' title='bbox 363 1150 430 1209; x_wconf 79' lang='lat' dir='ltr'>lillis</span> <span class='ocrx_word' id='word_1_68' title='bbox 447 1162 555 1223; x_wconf 91' lang='lat' dir='ltr'>tenet,</span> <span class='ocrx_word' id='word_1_69' title='bbox 581 1164 617 1209; x_wconf 91' lang='lat' dir='ltr'>ac</span> <span class='ocrx_word' id='word_1_70' title='bbox 632 1149 742 1209; x_wconf 86' lang='lat' dir='ltr'>domat.</span> <span class='ocrx_word' id='word_1_71' title='bbox 769 1164 799 1206; x_wconf 94' lang='lat' dir='ltr'>n.</span> <span class='ocrx_word' id='word_1_72' title='bbox 822 1144 951 1206; x_wconf 86' lang='lat' dir='ltr'>Hadria·</span> <span class='ocrx_word' id='word_1_73' title='bbox 983 1162 1130 1217; x_wconf 84' lang='lat' dir='ltr'>remanet,</span> <span class='ocrx_word' id='word_1_74' title='bbox 1151 1160 1182 1207; x_wconf 90' lang='lat' dir='ltr'>et</span> <span class='ocrx_word' id='word_1_75' title='bbox 1200 1150 1283 1211; x_wconf 79' lang='lat' dir='ltr'>vrbe,</span> <span class='ocrx_word' id='word_1_76' title='bbox 1309 1165 1396 1223; x_wconf 82' lang='lat' dir='ltr'>quarn</span> <span class='ocrx_word' id='word_1_77' title='bbox 1413 1148 1497 1211; x_wconf 88' lang='lat' dir='ltr'>soror</span> <span class='ocrx_word' id='word_1_78' title='bbox 1515 1155 1580 1214; x_wconf 74' lang='lat' dir='ltr'>eiua</span> 
     </span>
     <span class='ocr_line' id='line_1_9' title="bbox 363 1226 1580 1307; baseline 0.001 -17"><span class='ocrx_word' id='word_1_79' title='bbox 363 1230 485 1303; x_wconf 85' lang='lat' dir='ltr'>topolit.</span> <span class='ocrx_word' id='word_1_80' title='bbox 524 1228 674 1290; x_wconf 79' lang='lat' dir='ltr'>Thraciae</span> <span class='ocrx_word' id='word_1_81' title='bbox 700 1228 732 1288; x_wconf 92' lang='lat' dir='ltr'>in</span> <span class='ocrx_word' id='word_1_82' title='bbox 763 1226 810 1287; x_wconf 89' lang='lat' dir='ltr'>M.</span> <span class='ocrx_word' id='word_1_83' title='bbox 842 1227 949 1289; x_wconf 89' lang='lat' dir='ltr'>Aurel.</span> <span class='ocrx_word' id='word_1_84' title='bbox 984 1228 1037 1289; x_wconf 93' lang='lat' dir='ltr'>suo</span> <span class='ocrx_word' id='word_1_85' title='bbox 1053 1226 1174 1288; x_wconf 89' lang='lat' dir='ltr'>nomine</span> <span class='ocrx_word' id='word_1_86' title='bbox 1193 1228 1369 1290; x_wconf 88' lang='lat' dir='ltr'>nominauit.</span> <span class='ocrx_word' id='word_1_87' title='bbox 1391 1261 1431 1307; x_wconf 90' lang='lat'>.··</span> <span class='ocrx_word' id='word_1_88' title='bbox 1471 1233 1519 1293; x_wconf 92' lang='lat' dir='ltr'>An</span> <span class='ocrx_word' id='word_1_89' title='bbox 1540 1236 1580 1294; x_wconf 82' lang='lat' dir='ltr'>ad</span> 
     </span>
     <span class='ocr_line' id='line_1_10' title="bbox 363 1303 1582 1391; baseline 0.002 -20"><span class='ocrx_word' id='word_1_90' title='bbox 363 1306 485 1391; x_wconf 68' lang='lat' dir='ltr'>haffeme</span> <span class='ocrx_word' id='word_1_91' title='bbox 509 1310 566 1373; x_wconf 90' lang='lat'>111.</span> <span class='ocrx_word' id='word_1_92' title='bbox 592 1326 623 1385; x_wconf 86' lang='lat' dir='ltr'>p.</span> <span class='ocrx_word' id='word_1_93' title='bbox 647 1308 699 1377; x_wconf 81' lang='lat'>62.</span> <span class='ocrx_word' id='word_1_94' title='bbox 722 1321 754 1367; x_wconf 86' lang='lat' dir='ltr'>et</span> <span class='ocrx_word' id='word_1_95' title='bbox 769 1303 824 1371; x_wconf 85' lang='lat' dir='ltr'>lv.</span> <span class='ocrx_word' id='word_1_96' title='bbox 845 1325 877 1383; x_wconf 77' lang='grc' dir='ltr'>Ρ.</span> <span class='ocrx_word' id='word_1_97' title='bbox 900 1323 949 1383; x_wconf 83' lang='lat'>30.</span> <span class='ocrx_word' id='word_1_98' title='bbox 984 1308 1109 1369; x_wconf 82' lang='lat' dir='ltr'>insulam</span> <span class='ocrx_word' id='word_1_99' title='bbox 1124 1307 1271 1369; x_wconf 79' lang='lat' dir='ltr'>Adriatici</span> <span class='ocrx_word' id='word_1_100' title='bbox 1290 1310 1378 1367; x_wconf 86' lang='lat' dir='ltr'>maris</span> <span class='ocrx_word' id='word_1_101' title='bbox 1398 1328 1435 1369; x_wconf 84' lang='lat' dir='ltr'>ex</span> <span class='ocrx_word' id='word_1_102' title='bbox 1456 1314 1582 1374; x_wconf 86' lang='lat' dir='ltr'>aduerso</span> 
     </span>
     <span class='ocr_line' id='line_1_11' title="bbox 363 1388 1584 1465; baseline 0.002 -12"><span class='ocrx_word' id='word_1_103' title='bbox 363 1394 435 1455; x_wconf 79' lang='lat' dir='ltr'>ud.</span> <span class='ocrx_word' id='word_1_104' title='bbox 961 1388 1135 1465; x_wconf 81' lang='lat' dir='ltr'>Apuliae,</span> <span class='ocrx_word' id='word_1_105' title='bbox 1174 1388 1211 1447; x_wconf 90' lang='lat' dir='ltr'>de</span> <span class='ocrx_word' id='word_1_106' title='bbox 1243 1406 1304 1465; x_wconf 92' lang='lat' dir='ltr'>quo</span> <span class='ocrx_word' id='word_1_107' title='bbox 1335 1388 1451 1449; x_wconf 82' lang='lat' dir='ltr'>Plinius</span> <span class='ocrx_word' id='word_1_108' title='bbox 1478 1394 1515 1457; x_wconf 88' lang='lat' dir='ltr'>L.</span> <span class='ocrx_word' id='word_1_109' title='bbox 1535 1394 1584 1456; x_wconf 88' lang='lat' dir='ltr'>ill.</span> 
     </span>
     <span class='ocr_line' id='line_1_12' title="bbox 986 1464 1584 1541; baseline 0.003 -11"><span class='ocrx_word' id='word_1_110' title='bbox 986 1487 1015 1530; x_wconf 90' lang='lat' dir='ltr'>c.</span> <span class='ocrx_word' id='word_1_111' title='bbox 1034 1469 1083 1529; x_wconf 81' lang='lat'>26.</span> <span class='ocrx_word' id='word_1_112' title='bbox 1116 1464 1256 1541; x_wconf 83' lang='lat' dir='ltr'>„Contra</span> <span class='ocrx_word' id='word_1_113' title='bbox 1270 1471 1401 1541; x_wconf 92' lang='lat' dir='ltr'>Apulum</span> <span class='ocrx_word' id='word_1_114' title='bbox 1419 1471 1490 1535; x_wconf 85' lang='lat' dir='ltr'>litus</span> <span class='ocrx_word' id='word_1_115' title='bbox 1506 1472 1584 1534; x_wconf 88' lang='lat' dir='ltr'>Dio·</span> 
     </span>
     <span class='ocr_line' id='line_1_13' title="bbox 390 1546 1621 1625; baseline 0.002 -14"><span class='ocrx_word' id='word_1_116' title='bbox 390 1546 572 1617; x_wconf 74' lang='lat' dir='ltr'>Diomedes,</span> <span class='ocrx_word' id='word_1_117' title='bbox 592 1548 736 1611; x_wconf 83' lang='lat' dir='ltr'>Aetoliae</span> <span class='ocrx_word' id='word_1_118' title='bbox 755 1564 829 1621; x_wconf 86' lang='lat' dir='ltr'>tex,</span> <span class='ocrx_word' id='word_1_119' title='bbox 849 1546 952 1625; x_wconf 82' lang='lat' dir='ltr'>Tydei</span> <span class='ocrx_word' id='word_1_120' title='bbox 986 1548 1097 1623; x_wconf 83' lang='lat' dir='ltr'>nteden,</span> <span class='ocrx_word' id='word_1_121' title='bbox 1118 1548 1278 1623; x_wconf 87' lang='lat' dir='ltr'>conspicua</span> <span class='ocrx_word' id='word_1_122' title='bbox 1294 1566 1489 1612; x_wconf 90' lang='lat' dir='ltr'>monumento</span> <span class='ocrx_word' id='word_1_123' title='bbox 1504 1554 1583 1614; x_wconf 89' lang='lat' dir='ltr'>Dio·</span> <span class='ocrx_word' id='word_1_124' title='bbox 1617 1612 1621 1619; x_wconf 89' lang='grc'><em>,</em></span> 
     </span>
     <span class='ocr_line' id='line_1_14' title="bbox 363 1627 1581 1707; baseline -0.002 -14"><span class='ocrx_word' id='word_1_125' title='bbox 363 1630 543 1705; x_wconf 82' lang='lat' dir='ltr'>etDeipilac</span> <span class='ocrx_word' id='word_1_126' title='bbox 557 1630 659 1704; x_wconf 84' lang='lat' dir='ltr'>filius,</span> <span class='ocrx_word' id='word_1_127' title='bbox 680 1630 732 1707; x_wconf 89' lang='lat' dir='ltr'>qui</span> <span class='ocrx_word' id='word_1_128' title='bbox 747 1647 813 1689; x_wconf 90' lang='lat' dir='ltr'>curn</span> <span class='ocrx_word' id='word_1_129' title='bbox 827 1628 952 1705; x_wconf 87' lang='lat' dir='ltr'>reliquis</span> <span class='ocrx_word' id='word_1_130' title='bbox 986 1632 1094 1691; x_wconf 85' lang='lat' dir='ltr'>modis.</span> <span class='ocrx_word' id='word_1_131' title='bbox 1122 1659 1165 1673; x_wconf 89' lang='lat'><em>-</em></span> <span class='ocrx_word' id='word_1_132' title='bbox 1212 1627 1393 1689; x_wconf 81' lang='lat' dir='ltr'><em>Ptolemaeus</em></span> <span class='ocrx_word' id='word_1_133' title='bbox 1418 1632 1455 1693; x_wconf 89' lang='lat' dir='ltr'>L.</span> <span class='ocrx_word' id='word_1_134' title='bbox 1483 1633 1529 1695; x_wconf 93' lang='lat' dir='ltr'>lll.</span> <span class='ocrx_word' id='word_1_135' title='bbox 1551 1652 1581 1696; x_wconf 89' lang='lat' dir='ltr'>c.</span> 
     </span>
     <span class='ocr_line' id='line_1_15' title="bbox 363 1708 1583 1789; baseline 0 -14"><span class='ocrx_word' id='word_1_136' title='bbox 363 1712 479 1775; x_wconf 73' lang='lat' dir='ltr'>Graecis</span> <span class='ocrx_word' id='word_1_137' title='bbox 497 1712 535 1771; x_wconf 88' lang='lat' dir='ltr'>ad</span> <span class='ocrx_word' id='word_1_138' title='bbox 547 1710 675 1772; x_wconf 84' lang='lat' dir='ltr'>Troiam</span> <span class='ocrx_word' id='word_1_139' title='bbox 690 1711 854 1786; x_wconf 73' lang='lat' dir='ltr'>proicitur,</span> <span class='ocrx_word' id='word_1_140' title='bbox 875 1710 953 1769; x_wconf 89' lang='lat' dir='ltr'>adeo</span> <span class='ocrx_word' id='word_1_141' title='bbox 989 1716 1018 1772; x_wconf 80' lang='lat' dir='ltr'>l.</span> <span class='ocrx_word' id='word_1_142' title='bbox 1039 1710 1222 1771; x_wconf 83' lang='lat' dir='ltr'>Diomedeas</span> <span class='ocrx_word' id='word_1_143' title='bbox 1240 1708 1349 1770; x_wconf 87' lang='lat' dir='ltr'>insulas</span> <span class='ocrx_word' id='word_1_144' title='bbox 1378 1714 1508 1789; x_wconf 91' lang='lat' dir='ltr'>quinque</span> <span class='ocrx_word' id='word_1_145' title='bbox 1525 1732 1583 1775; x_wconf 90' lang='lat' dir='ltr'>nu·</span> 
     </span>
     <span class='ocr_line' id='line_1_16' title="bbox 363 1787 1584 1871; baseline 0.004 -18"><span class='ocrx_word' id='word_1_146' title='bbox 363 1790 468 1853; x_wconf 82' lang='lat' dir='ltr'>hrenue</span> <span class='ocrx_word' id='word_1_147' title='bbox 483 1791 512 1852; x_wconf 88' lang='lat' dir='ltr'>se</span> <span class='ocrx_word' id='word_1_148' title='bbox 534 1792 635 1871; x_wconf 82' lang='lat' dir='ltr'>geffit,</span> <span class='ocrx_word' id='word_1_149' title='bbox 653 1808 689 1850; x_wconf 90' lang='lat' dir='ltr'>vt</span> <span class='ocrx_word' id='word_1_150' title='bbox 713 1790 779 1865; x_wconf 85' lang='lat' dir='ltr'>post</span> <span class='ocrx_word' id='word_1_151' title='bbox 801 1788 953 1849; x_wconf 83' lang='lat' dir='ltr'>Achillem</span> <span class='ocrx_word' id='word_1_152' title='bbox 987 1805 1092 1852; x_wconf 86' lang='lat' dir='ltr'>metat.</span> <span class='ocrx_word' id='word_1_153' title='bbox 1137 1787 1250 1851; x_wconf 85' lang='lat' dir='ltr'>Cellnr.</span> <span class='ocrx_word' id='word_1_154' title='bbox 1273 1788 1349 1855; x_wconf 90' lang='lat' dir='ltr'>Not.</span> <span class='ocrx_word' id='word_1_155' title='bbox 1369 1792 1446 1853; x_wconf 89' lang='lat' dir='ltr'>Orb.</span> <span class='ocrx_word' id='word_1_156' title='bbox 1463 1795 1537 1859; x_wconf 85' lang='lat' dir='ltr'>Ant.</span> <span class='ocrx_word' id='word_1_157' title='bbox 1556 1795 1584 1863; x_wconf 84' lang='grc' dir='ltr'>Ι.</span> 
     </span>
     <span class='ocr_line' id='line_1_17' title="bbox 363 1870 1114 1947; baseline -0.007 -14"><span class='ocrx_word' id='word_1_158' title='bbox 363 1886 390 1933; x_wconf 89' lang='lat' dir='ltr'>et</span> <span class='ocrx_word' id='word_1_159' title='bbox 417 1874 541 1935; x_wconf 85' lang='lat' dir='ltr'>Aiacem</span> <span class='ocrx_word' id='word_1_160' title='bbox 568 1871 740 1933; x_wconf 79' lang='lat' dir='ltr'>forrillimuo</span> <span class='ocrx_word' id='word_1_161' title='bbox 779 1870 951 1930; x_wconf 86' lang='lat' dir='ltr'>haberetur.</span> <span class='ocrx_word' id='word_1_162' title='bbox 986 1890 1018 1947; x_wconf 88' lang='lat' dir='ltr'>p.</span> <span class='ocrx_word' id='word_1_163' title='bbox 1042 1884 1114 1947; x_wconf 76' lang='lat'>757,</span> 
     </span>
     <span class='ocr_line' id='line_1_18' title="bbox 363 1950 952 2027; baseline -0.008 -13"><span class='ocrx_word' id='word_1_164' title='bbox 363 1952 434 2015; x_wconf 84' lang='lat' dir='ltr'>llam</span> <span class='ocrx_word' id='word_1_165' title='bbox 469 1964 586 2027; x_wconf 88' lang='lat' dir='ltr'>praeter</span> <span class='ocrx_word' id='word_1_166' title='bbox 619 1950 781 2026; x_wconf 87' lang='lat' dir='ltr'>palladium</span> <span class='ocrx_word' id='word_1_167' title='bbox 808 1950 952 2011; x_wconf 84' lang='lat' dir='ltr'>Troianis</span> 
     </span>
     <span class='ocr_line' id='line_1_19' title="bbox 363 2024 1586 2109; baseline 0.002 -14"><span class='ocrx_word' id='word_1_168' title='bbox 363 2030 554 2107; x_wconf 64' lang='lat' dir='ltr'>manum,</span> <span class='ocrx_word' id='word_1_169' title='bbox 579 2032 711 2096; x_wconf 90' lang='lat' dir='ltr'>Martem</span> <span class='ocrx_word' id='word_1_170' title='bbox 726 2047 847 2109; x_wconf 89' lang='lat' dir='ltr'>quoque</span> <span class='ocrx_word' id='word_1_171' title='bbox 865 2032 896 2089; x_wconf 92' lang='lat' dir='ltr'>in</span> <span class='ocrx_word' id='word_1_172' title='bbox 913 2048 963 2099; x_wconf 86' lang='lat' dir='ltr'>eo¹</span> <span class='ocrx_word' id='word_1_173' title='bbox 1024 2044 1213 2103; x_wconf 81' lang='lat' dir='ltr'>oromvoc,</span> <span class='ocrx_word' id='word_1_174' title='bbox 1234 2024 1385 2089; x_wconf 82' lang='lat' dir='ltr'>Diomolus</span> <span class='ocrx_word' id='word_1_175' title='bbox 1394 2048 1514 2106; x_wconf 88' lang='lat' dir='ltr'>praetor</span> <span class='ocrx_word' id='word_1_176' title='bbox 1525 2036 1586 2097; x_wconf 83' lang='lat' dir='ltr'>Ce-</span> 
     </span>
     <span class='ocr_line' id='line_1_20' title="bbox 365 2110 1611 2189; baseline 0.002 -12"><span class='ocrx_word' id='word_1_177' title='bbox 365 2114 639 2189; x_wconf 78' lang='lat' dir='ltr'>htllovulnerauit,</span> <span class='ocrx_word' id='word_1_178' title='bbox 659 2112 952 2187; x_wconf 81' lang='lat' dir='ltr'>Veneremquedex-</span> <span class='ocrx_word' id='word_1_179' title='bbox 985 2110 1181 2185; x_wconf 88' lang='lat' dir='ltr'>retapenstum</span> <span class='ocrx_word' id='word_1_180' title='bbox 1207 2110 1238 2169; x_wconf 93' lang='lat' dir='ltr'>in</span> <span class='ocrx_word' id='word_1_181' title='bbox 1264 2111 1413 2189; x_wconf 75' lang='lat' dir='ltr'>Phrygia:</span> <span class='ocrx_word' id='word_1_182' title='bbox 1444 2132 1611 2188; x_wconf 57' lang='lat' dir='ltr'>ornarat„</span> 
     </span>
     <span class='ocr_line' id='line_1_21' title="bbox 367 2192 1588 2267; baseline 0.001 -12"><span class='ocrx_word' id='word_1_183' title='bbox 367 2198 524 2267; x_wconf 66' lang='lat' dir='ltr'>hammo,</span> <span class='ocrx_word' id='word_1_184' title='bbox 543 2194 614 2257; x_wconf 85' lang='lat' dir='ltr'>dum</span> <span class='ocrx_word' id='word_1_185' title='bbox 630 2192 781 2254; x_wconf 87' lang='lat' dir='ltr'>Aenaeam</span> <span class='ocrx_word' id='word_1_186' title='bbox 792 2205 952 2267; x_wconf 79' lang='lat' dir='ltr'>protegere</span> <span class='ocrx_word' id='word_1_187' title='bbox 986 2206 1136 2251; x_wconf 83' lang='lat' dir='ltr'>zncnmt</span> <span class='ocrx_word' id='word_1_188' title='bbox 1159 2206 1332 2249; x_wconf 79' lang='lat' dir='ltr'>uromonnr</span> <span class='ocrx_word' id='word_1_189' title='bbox 1359 2209 1588 2267; x_wconf 70' lang='lat' dir='ltr'>uenerrnrrntl,</span> 
     </span>
     <span class='ocr_line' id='line_1_22' title="bbox 363 2268 1586 2358; baseline 0 -21"><span class='ocrx_word' id='word_1_190' title='bbox 363 2273 460 2358; x_wconf 49' lang='lat'>3²¹¹&amp;-</span> <span class='ocrx_word' id='word_1_191' title='bbox 500 2274 703 2357; x_wconf 81' lang='lat' dir='ltr'>Quamobrem</span> <span class='ocrx_word' id='word_1_192' title='bbox 721 2274 777 2333; x_wconf 85' lang='lat' dir='ltr'>dea</span> <span class='ocrx_word' id='word_1_193' title='bbox 800 2271 953 2343; x_wconf 70' lang='lat' dir='ltr'>indignata</span> <span class='ocrx_word' id='word_1_194' title='bbox 987 2268 1131 2331; x_wconf 81' lang='lat' dir='ltr'>Proetore</span> <span class='ocrx_word' id='word_1_195' title='bbox 1152 2268 1263 2346; x_wconf 77' lang='lat' dir='ltr'>Zose&#39;mo</span> <span class='ocrx_word' id='word_1_196' title='bbox 1283 2270 1430 2345; x_wconf 75' lang='lat' dir='ltr'>Diomolo’,</span> <span class='ocrx_word' id='word_1_197' title='bbox 1447 2279 1493 2335; x_wconf 91' lang='lat' dir='ltr'>vcl</span> <span class='ocrx_word' id='word_1_198' title='bbox 1511 2278 1586 2337; x_wconf 81' lang='lat' dir='ltr'>llio-</span> 
     </span>
     <span class='ocr_line' id='line_1_23' title="bbox 363 2351 1586 2433; baseline 0.002 -18"><span class='ocrx_word' id='word_1_199' title='bbox 363 2352 650 2433; x_wconf 74' lang='lat' dir='ltr'>·Aegialemvxorem</span> <span class='ocrx_word' id='word_1_200' title='bbox 664 2354 729 2414; x_wconf 84' lang='lat' dir='ltr'>eius</span> <span class='ocrx_word' id='word_1_201' title='bbox 748 2366 831 2413; x_wconf 86' lang='lat' dir='ltr'>tanta</span> <span class='ocrx_word' id='word_1_202' title='bbox 850 2351 952 2411; x_wconf 89' lang='lat' dir='ltr'>libidi-</span> <span class='ocrx_word' id='word_1_203' title='bbox 986 2352 1061 2413; x_wconf 90' lang='lat' dir='ltr'>moli</span> <span class='ocrx_word' id='word_1_204' title='bbox 1078 2353 1161 2413; x_wconf 82' lang='lat' dir='ltr'>filio.</span> <span class='ocrx_word' id='word_1_205' title='bbox 1189 2370 1218 2411; x_wconf 95' lang='lat' dir='ltr'>n.</span> <span class='ocrx_word' id='word_1_206' title='bbox 1244 2354 1327 2423; x_wconf 84' lang='lat' dir='ltr'>Sept.</span> <span class='ocrx_word' id='word_1_207' title='bbox 1354 2354 1453 2414; x_wconf 80' lang='lat' dir='ltr'>Seuer.</span> <span class='ocrx_word' id='word_1_208' title='bbox 1492 2354 1586 2419; x_wconf 82' lang='lat' dir='ltr'>Valli.</span> 
     </span>
     <span class='ocr_line' id='line_1_24' title="bbox 373 2428 1586 2515; baseline -0.002 -18"><span class='ocrx_word' id='word_1_209' title='bbox 373 2450 428 2497; x_wconf 72' lang='lat' dir='ltr'>nan</span> <span class='ocrx_word' id='word_1_210' title='bbox 443 2428 625 2511; x_wconf 75' lang='lat' dir='ltr'>turpitudine</span> <span class='ocrx_word' id='word_1_211' title='bbox 646 2433 796 2505; x_wconf 90' lang='lat' dir='ltr'>inuoluit,</span> <span class='ocrx_word' id='word_1_212' title='bbox 827 2444 862 2491; x_wconf 93' lang='lat' dir='ltr'>vt</span> <span class='ocrx_word' id='word_1_213' title='bbox 883 2449 951 2506; x_wconf 87' lang='lat' dir='ltr'>pet·</span> <span class='ocrx_word' id='word_1_214' title='bbox 986 2433 1064 2515; x_wconf 84' lang='lat' dir='ltr'>Gr.)</span> <span class='ocrx_word' id='word_1_215' title='bbox 1107 2429 1189 2513; x_wconf 62' lang='lat' dir='ltr'>Gth.</span> <span class='ocrx_word' id='word_1_216' title='bbox 1217 2431 1254 2490; x_wconf 86' lang='grc' dir='ltr'>ΙΙ.</span> <span class='ocrx_word' id='word_1_217' title='bbox 1287 2449 1317 2504; x_wconf 90' lang='lat' dir='ltr'>p.</span> <span class='ocrx_word' id='word_1_218' title='bbox 1346 2440 1413 2511; x_wconf 86' lang='lat'>148.</span> <span class='ocrx_word' id='word_1_219' title='bbox 1438 2436 1586 2512; x_wconf 89' lang='lat' dir='ltr'>quivero</span> 
     </span>
     <span class='ocr_line' id='line_1_25' title="bbox 374 2512 1368 2586; baseline -0.009 -7"><span class='ocrx_word' id='word_1_220' title='bbox 374 2516 540 2579; x_wconf 68' lang='lat' dir='ltr'>murvino</span> <span class='ocrx_word' id='word_1_221' title='bbox 563 2534 598 2577; x_wconf 88' lang='lat' dir='ltr'>ac</span> <span class='ocrx_word' id='word_1_222' title='bbox 623 2532 723 2576; x_wconf 86' lang='lat' dir='ltr'>mores</span> <span class='ocrx_word' id='word_1_223' title='bbox 746 2514 870 2584; x_wconf 77' lang='lat' dir='ltr'>uxoris,</span> <span class='ocrx_word' id='word_1_224' title='bbox 898 2529 952 2586; x_wconf 92' lang='lat' dir='ltr'>pa·</span> <span class='ocrx_word' id='word_1_225' title='bbox 984 2528 1183 2585; x_wconf 66' lang='lat' dir='ltr'>dromonor,</span> <span class='ocrx_word' id='word_1_226' title='bbox 1200 2512 1368 2573; x_wconf 85' lang='lat' dir='ltr'>Diomodo.</span> 
     </span>
     <span class='ocr_line' id='line_1_26' title="bbox 376 2594 1445 2667; baseline -0.006 -10"><span class='ocrx_word' id='word_1_227' title='bbox 376 2597 564 2659; x_wconf 69' lang='lat' dir='ltr'>timorosus</span> <span class='ocrx_word' id='word_1_228' title='bbox 586 2596 750 2657; x_wconf 86' lang='lat' dir='ltr'>Diomedes</span> <span class='ocrx_word' id='word_1_229' title='bbox 766 2594 886 2654; x_wconf 88' lang='lat' dir='ltr'>domum</span> <span class='ocrx_word' id='word_1_230' title='bbox 903 2610 951 2651; x_wconf 90' lang='lat' dir='ltr'>re·</span> <span class='ocrx_word' id='word_1_231' title='bbox 1443 2662 1445 2667; x_wconf 23' lang='lat'><strong>¹</strong></span> 
     </span>
     <span class='ocr_line' id='line_1_27' title="bbox 378 2668 1589 2753; baseline 0.002 -15"><span class='ocrx_word' id='word_1_232' title='bbox 378 2678 545 2740; x_wconf 68' lang='lat' dir='ltr'>udnoluit</span> <span class='ocrx_word' id='word_1_233' title='bbox 567 2678 634 2753; x_wconf 90' lang='lat' dir='ltr'>post</span> <span class='ocrx_word' id='word_1_234' title='bbox 651 2677 765 2736; x_wconf 89' lang='lat' dir='ltr'>Troiae</span> <span class='ocrx_word' id='word_1_235' title='bbox 788 2672 951 2745; x_wconf 86' lang='lat' dir='ltr'>excidium,</span> <span class='ocrx_word' id='word_1_236' title='bbox 1029 2668 1112 2735; x_wconf 83' lang='lat' dir='ltr'>Dion</span> <span class='ocrx_word' id='word_1_237' title='bbox 1137 2671 1359 2749; x_wconf 82' lang='lat' dir='ltr'>Syracusanus,</span> <span class='ocrx_word' id='word_1_238' title='bbox 1405 2676 1484 2747; x_wconf 89' lang='lat' dir='ltr'>apud</span> <span class='ocrx_word' id='word_1_239' title='bbox 1517 2677 1589 2741; x_wconf 68' lang='lat' dir='ltr'>suot</span> 
     </span>
     <span class='ocr_line' id='line_1_28' title="bbox 363 2754 1590 2834; baseline -0.009 -14"><span class='ocrx_word' id='word_1_240' title='bbox 363 2754 463 2833; x_wconf 57' lang='lat' dir='ltr'>{Allo</span> <span class='ocrx_word' id='word_1_241' title='bbox 485 2758 627 2834; x_wconf 83' lang='lat' dir='ltr'>Apuliam</span> <span class='ocrx_word' id='word_1_242' title='bbox 655 2756 830 2832; x_wconf 77' lang='lat' dir='ltr'>profedus,</span> <span class='ocrx_word' id='word_1_243' title='bbox 866 2754 952 2830; x_wconf 77' lang='lat' dir='ltr'>regni</span> <span class='ocrx_word' id='word_1_244' title='bbox 987 2756 1070 2817; x_wconf 88' lang='lat' dir='ltr'>ciues</span> <span class='ocrx_word' id='word_1_245' title='bbox 1091 2754 1227 2829; x_wconf 88' lang='lat' dir='ltr'>potentia</span> <span class='ocrx_word' id='word_1_246' title='bbox 1243 2768 1273 2812; x_wconf 89' lang='lat' dir='ltr'>et</span> <span class='ocrx_word' id='word_1_247' title='bbox 1291 2754 1483 2817; x_wconf 75' lang='lat' dir='ltr'>facultatibus</span> <span class='ocrx_word' id='word_1_248' title='bbox 1501 2775 1590 2831; x_wconf 72' lang='lat' dir='ltr'>pirae.</span> 
     </span>
     <span class='ocr_line' id='line_1_29' title="bbox 363 2828 1585 2915; baseline -0.003 -15"><span class='ocrx_word' id='word_1_249' title='bbox 363 2828 472 2915; x_wconf 55' lang='grc' dir='ltr'>Μαι</span> <span class='ocrx_word' id='word_1_250' title='bbox 493 2857 510 2900; x_wconf 89' lang='lat' dir='ltr'>a</span> <span class='ocrx_word' id='word_1_251' title='bbox 533 2839 653 2901; x_wconf 87' lang='lat' dir='ltr'>Daunio</span> <span class='ocrx_word' id='word_1_252' title='bbox 676 2836 811 2911; x_wconf 89' lang='lat' dir='ltr'>accepit,</span> <span class='ocrx_word' id='word_1_253' title='bbox 836 2834 949 2908; x_wconf 85' lang='lat' dir='ltr'>plures·</span> <span class='ocrx_word' id='word_1_254' title='bbox 988 2835 1101 2915; x_wconf 85' lang='lat' dir='ltr'>ditus.)</span> <span class='ocrx_word' id='word_1_255' title='bbox 1126 2830 1210 2893; x_wconf 83' lang='lat' dir='ltr'>Golz.</span> <span class='ocrx_word' id='word_1_256' title='bbox 1230 2833 1342 2909; x_wconf 74' lang='lat' dir='ltr'>Mogna</span> <span class='ocrx_word' id='word_1_257' title='bbox 1361 2836 1466 2896; x_wconf 87' lang='lat' dir='ltr'>Graec.</span> <span class='ocrx_word' id='word_1_258' title='bbox 1492 2856 1585 2915; x_wconf 78' lang='lat' dir='ltr'>p.·31</span> 
     </span>
     <span class='ocr_line' id='line_1_30' title="bbox 380 2915 1589 2993; baseline -0.002 -10"><span class='ocrx_word' id='word_1_259' title='bbox 380 2920 516 2993; x_wconf 60' lang='lat' dir='ltr'>mvihcs</span> <span class='ocrx_word' id='word_1_260' title='bbox 535 2918 692 2990; x_wconf 86' lang='lat' dir='ltr'>condidit,</span> <span class='ocrx_word' id='word_1_261' title='bbox 707 2919 785 2978; x_wconf 89' lang='lat' dir='ltr'>inter</span> <span class='ocrx_word' id='word_1_262' title='bbox 806 2932 879 2992; x_wconf 86' lang='lat' dir='ltr'>quas</span> <span class='ocrx_word' id='word_1_263' title='bbox 893 2915 952 2973; x_wconf 84' lang='lat' dir='ltr'>Ar·</span> <span class='ocrx_word' id='word_1_264' title='bbox 987 2915 1031 2993; x_wconf 86' lang='lat' dir='ltr'>sq.</span> <span class='ocrx_word' id='word_1_265' title='bbox 1073 2916 1153 2975; x_wconf 84' lang='lat' dir='ltr'>Huic</span> <span class='ocrx_word' id='word_1_266' title='bbox 1171 2915 1252 2973; x_wconf 88' lang='lat' dir='ltr'>forte</span> <span class='ocrx_word' id='word_1_267' title='bbox 1272 2915 1446 2977; x_wconf 84' lang='lat' dir='ltr'>tribuendus</span> <span class='ocrx_word' id='word_1_268' title='bbox 1473 2918 1515 2979; x_wconf 85' lang='lat' dir='ltr'>est</span> <span class='ocrx_word' id='word_1_269' title='bbox 1532 2939 1589 2981; x_wconf 89' lang='lat' dir='ltr'>nu-</span> 
     </span>
     <span class='ocr_line' id='line_1_31' title="bbox 382 2992 1588 3137; baseline 0.001 -76"><span class='ocrx_word' id='word_1_270' title='bbox 382 2997 442 3137; x_wconf 47' lang='lat' dir='ltr'>n,</span> <span class='ocrx_word' id='word_1_271' title='bbox 458 2999 599 3073; x_wconf 79' lang='lat' dir='ltr'>Salapiam</span> <span class='ocrx_word' id='word_1_272' title='bbox 617 3011 774 3070; x_wconf 90' lang='lat' dir='ltr'>veterem,</span> <span class='ocrx_word' id='word_1_273' title='bbox 802 3012 833 3056; x_wconf 90' lang='lat' dir='ltr'>et</span> <span class='ocrx_word' id='word_1_274' title='bbox 851 2992 952 3055; x_wconf 91' lang='lat' dir='ltr'>Canu·</span> <span class='ocrx_word' id='word_1_275' title='bbox 986 3014 1073 3069; x_wconf 82' lang='lat' dir='ltr'>mus,</span> <span class='ocrx_word' id='word_1_276' title='bbox 1100 2996 1130 3053; x_wconf 89' lang='lat' dir='ltr'>in</span> <span class='ocrx_word' id='word_1_277' title='bbox 1155 3012 1216 3071; x_wconf 91' lang='lat' dir='ltr'>quo</span> <span class='ocrx_word' id='word_1_278' title='bbox 1236 3009 1326 3067; x_wconf 84' lang='lat' dir='ltr'>caput</span> <span class='ocrx_word' id='word_1_279' title='bbox 1347 2997 1499 3068; x_wconf 83' lang='lat' dir='ltr'>Apollinis</span> <span class='ocrx_word' id='word_1_280' title='bbox 1522 3001 1588 3063; x_wconf 86' lang='lat' dir='ltr'>lau·</span> 
     </span>
     <span class='ocr_line' id='line_1_32' title="bbox 437 3070 1590 3156; baseline -0.006 -17"><span class='ocrx_word' id='word_1_281' title='bbox 437 3080 553 3143; x_wconf 85' lang='lat' dir='ltr'>.Conf.</span> <span class='ocrx_word' id='word_1_282' title='bbox 576 3076 673 3140; x_wconf 79' lang='lat' dir='ltr'>Nona.</span> <span class='ocrx_word' id='word_1_283' title='bbox 691 3080 731 3143; x_wconf 83' lang='lat' dir='ltr'>ad</span> <span class='ocrx_word' id='word_1_284' title='bbox 742 3072 953 3139; x_wconf 77' lang='lat' dir='ltr'>Golz.Gtaec.</span> <span class='ocrx_word' id='word_1_285' title='bbox 986 3090 1061 3136; x_wconf 91' lang='lat' dir='ltr'>reat.</span> <span class='ocrx_word' id='word_1_286' title='bbox 1104 3070 1145 3156; x_wconf 82' lang='lat'>)(</span> <span class='ocrx_word' id='word_1_287' title='bbox 1185 3092 1324 3143; x_wconf 72' lang='lat' dir='ltr'>ornxoe,</span> <span class='ocrx_word' id='word_1_288' title='bbox 1356 3074 1474 3141; x_wconf 86' lang='lat' dir='ltr'>Dionis,</span> <span class='ocrx_word' id='word_1_289' title='bbox 1517 3082 1590 3143; x_wconf 80' lang='lat' dir='ltr'>Tri.</span> 
     </span>
     <span class='ocr_line' id='line_1_33' title="bbox 388 3148 1587 3239; baseline -0.003 -20"><span class='ocrx_word' id='word_1_290' title='bbox 388 3148 438 3223; x_wconf 69' lang='lat' dir='ltr'>iet.</span> <span class='ocrx_word' id='word_1_291' title='bbox 453 3176 484 3237; x_wconf 89' lang='lat' dir='ltr'>p.</span> <span class='ocrx_word' id='word_1_292' title='bbox 502 3176 550 3239; x_wconf 75' lang='lat'>30.</span> <span class='ocrx_word' id='word_1_293' title='bbox 570 3162 609 3223; x_wconf 84' lang='lat' dir='ltr'>it.</span> <span class='ocrx_word' id='word_1_294' title='bbox 625 3160 708 3233; x_wconf 80' lang='lat' dir='ltr'>Sicil.</span> <span class='ocrx_word' id='word_1_295' title='bbox 729 3176 762 3233; x_wconf 92' lang='lat' dir='ltr'>p.</span> <span class='ocrx_word' id='word_1_296' title='bbox 788 3172 858 3233; x_wconf 80' lang='lat'>303.</span> <span class='ocrx_word' id='word_1_297' title='bbox 986 3174 1042 3231; x_wconf 79' lang='lat' dir='ltr'>pus</span> <span class='ocrx_word' id='word_1_298' title='bbox 1061 3174 1128 3215; x_wconf 89' lang='lat' dir='ltr'>cum</span> <span class='ocrx_word' id='word_1_299' title='bbox 1146 3156 1253 3214; x_wconf 88' lang='lat' dir='ltr'>litteris</span> <span class='ocrx_word' id='word_1_300' title='bbox 1271 3172 1327 3231; x_wconf 58' lang='lat' dir='ltr'>:A</span> <span class='ocrx_word' id='word_1_301' title='bbox 1365 3158 1415 3219; x_wconf 73' lang='lat' dir='ltr'>At.</span> <span class='ocrx_word' id='word_1_302' title='bbox 1443 3176 1508 3237; x_wconf 88' lang='lat'>179.</span> <span class='ocrx_word' id='word_1_303' title='bbox 1532 3162 1587 3235; x_wconf 67' lang='grc' dir='ltr'>ρὰ.</span> 
     </span>
     <span class='ocr_line' id='line_1_34' title="bbox 988 3231 1588 3318; baseline 0.003 -21"><span class='ocrx_word' id='word_1_304' title='bbox 988 3237 1067 3297; x_wconf 88' lang='lat' dir='ltr'>Mus.</span> <span class='ocrx_word' id='word_1_305' title='bbox 1092 3231 1244 3297; x_wconf 81' lang='lat' dir='ltr'>Pentbrolt.</span> <span class='ocrx_word' id='word_1_306' title='bbox 1266 3236 1299 3294; x_wconf 93' lang='lat' dir='ltr'>ll.</span> <span class='ocrx_word' id='word_1_307' title='bbox 1327 3238 1389 3299; x_wconf 89' lang='lat' dir='ltr'>Tb.</span> <span class='ocrx_word' id='word_1_308' title='bbox 1414 3246 1463 3312; x_wconf 81' lang='lat'>78.</span> <span class='ocrx_word' id='word_1_309' title='bbox 1487 3242 1531 3318; x_wconf 69' lang='lat' dir='ltr'>fg?</span> <span class='ocrx_word' id='word_1_310' title='bbox 1553 3248 1588 3310; x_wconf 84' lang='lat'>8.</span> 
     </span>
     <span class='ocr_line' id='line_1_35' title="bbox 417 3311 1588 3392; baseline -0.007 -13"><span class='ocrx_word' id='word_1_311' title='bbox 417 3312 552 3380; x_wconf 75' lang='lat' dir='ltr'>Diomedes</span> <span class='ocrx_word' id='word_1_312' title='bbox 569 3320 668 3381; x_wconf 78' lang='lat' dir='ltr'>nudus</span> <span class='ocrx_word' id='word_1_313' title='bbox 685 3320 783 3379; x_wconf 85' lang='lat' dir='ltr'>:lelluo</span> <span class='ocrx_word' id='word_1_314' title='bbox 802 3314 870 3392; x_wconf 87' lang='lat' dir='ltr'>post</span> <span class='ocrx_word' id='word_1_315' title='bbox 893 3326 954 3375; x_wconf 87' lang='lat' dir='ltr'>ter·</span> <span class='ocrx_word' id='word_1_316' title='bbox 989 3330 1019 3377; x_wconf 92' lang='lat' dir='ltr'>et</span> <span class='ocrx_word' id='word_1_317' title='bbox 1045 3335 1082 3377; x_wconf 87' lang='lat' dir='ltr'>ex</span> <span class='ocrx_word' id='word_1_318' title='bbox 1104 3334 1141 3376; x_wconf 93' lang='lat' dir='ltr'>eo</span> <span class='ocrx_word' id='word_1_319' title='bbox 1175 3311 1223 3373; x_wconf 83' lang='lat' dir='ltr'>Gn</span> <span class='ocrx_word' id='word_1_320' title='bbox 1248 3335 1305 3375; x_wconf 78' lang='lat' dir='ltr'>rme</span> <span class='ocrx_word' id='word_1_321' title='bbox 1331 3317 1376 3377; x_wconf 92' lang='lat' dir='ltr'>lll.</span> <span class='ocrx_word' id='word_1_322' title='bbox 1401 3336 1431 3391; x_wconf 88' lang='lat' dir='ltr'>p.</span> <span class='ocrx_word' id='word_1_323' title='bbox 1451 3320 1501 3381; x_wconf 84' lang='lat'>62.</span> <span class='ocrx_word' id='word_1_324' title='bbox 1546 3354 1588 3371; x_wconf 87' lang='grc'>.-</span> 
     </span>
     <span class='ocr_line' id='line_1_36' title="bbox 391 3392 1588 3489; baseline 0.004 -31"><span class='ocrx_word' id='word_1_325' title='bbox 391 3402 534 3478; x_wconf 74' lang='lat' dir='ltr'>nuptum</span> <span class='ocrx_word' id='word_1_326' title='bbox 557 3401 588 3461; x_wconf 92' lang='lat' dir='ltr'>d.</span> <span class='ocrx_word' id='word_1_327' title='bbox 604 3400 722 3471; x_wconf 81' lang='lat' dir='ltr'>ensem,</span> <span class='ocrx_word' id='word_1_328' title='bbox 744 3398 764 3458; x_wconf 85' lang='lat' dir='ltr'>s.</span> <span class='ocrx_word' id='word_1_329' title='bbox 790 3396 954 3473; x_wconf 85' lang='lat' dir='ltr'>palladium</span> <span class='ocrx_word' id='word_1_330' title='bbox 988 3395 1078 3459; x_wconf 85' lang='lat' dir='ltr'>Conf.</span> <span class='ocrx_word' id='word_1_331' title='bbox 1118 3394 1241 3489; x_wconf 77' lang='lat' dir='ltr'>Theop.</span> <span class='ocrx_word' id='word_1_332' title='bbox 1275 3392 1420 3459; x_wconf 83' lang='lat' dir='ltr'>Grabmr.</span> <span class='ocrx_word' id='word_1_333' title='bbox 1453 3402 1516 3463; x_wconf 87' lang='lat' dir='ltr'>dill&#39;.</span> <span class='ocrx_word' id='word_1_334' title='bbox 1547 3404 1588 3467; x_wconf 86' lang='lat' dir='ltr'>de</span> 
     </span>
     <span class='ocr_line' id='line_1_37' title="bbox 390 3474 1544 3563; baseline -0.003 -20"><span class='ocrx_word' id='word_1_335' title='bbox 390 3476 527 3556; x_wconf 59' lang='lat' dir='ltr'>muns,</span> <span class='ocrx_word' id='word_1_336' title='bbox 554 3482 637 3559; x_wconf 90' lang='lat' dir='ltr'>quod</span> <span class='ocrx_word' id='word_1_337' title='bbox 655 3482 780 3541; x_wconf 84' lang='lat' dir='ltr'>Troiam</span> <span class='ocrx_word' id='word_1_338' title='bbox 809 3480 887 3539; x_wconf 86' lang='lat' dir='ltr'>clam</span> <span class='ocrx_word' id='word_1_339' title='bbox 906 3476 953 3537; x_wconf 91' lang='lat' dir='ltr'>in·</span> <span class='ocrx_word' id='word_1_340' title='bbox 987 3495 1079 3541; x_wconf 77' lang='lat' dir='ltr'>ntimo</span> <span class='ocrx_word' id='word_1_341' title='bbox 1100 3474 1220 3541; x_wconf 77' lang='lat' dir='ltr'>Dum.</span> <span class='ocrx_word' id='word_1_342' title='bbox 1249 3475 1380 3539; x_wconf 84' lang='lat' dir='ltr'>Drosdae</span> <span class='ocrx_word' id='word_1_343' title='bbox 1400 3496 1487 3559; x_wconf 83' lang='lat'>1743.</span> <span class='ocrx_word' id='word_1_344' title='bbox 1510 3501 1544 3563; x_wconf 85' lang='lat'>4.</span> 
     </span>
     <span class='ocr_line' id='line_1_38' title="bbox 393 3556 1218 3633; baseline -0.01 -11"><span class='ocrx_word' id='word_1_345' title='bbox 393 3558 607 3633; x_wconf 68' lang='lat' dir='ltr'>memmasce</span> <span class='ocrx_word' id='word_1_346' title='bbox 632 3560 790 3621; x_wconf 83' lang='lat' dir='ltr'>suffritatns</span> <span class='ocrx_word' id='word_1_347' title='bbox 813 3558 865 3619; x_wconf 89' lang='lat' dir='ltr'>est.</span> <span class='ocrx_word' id='word_1_348' title='bbox 896 3556 951 3618; x_wconf 67' lang='lat' dir='ltr'>At.</span> <span class='ocrx_word' id='word_1_349' title='bbox 1215 3558 1218 3563; x_wconf 84' lang='lat'>&#39;</span> 
     </span>
     <span class='ocr_line' id='line_1_39' title="bbox 397 3632 1587 3785; baseline 0.001 -83"><span class='ocrx_word' id='word_1_350' title='bbox 397 3640 562 3785; x_wconf 52' lang='lat' dir='ltr'>ffitgorum</span> <span class='ocrx_word' id='word_1_351' title='bbox 580 3641 788 3717; x_wconf 74' lang='lat' dir='ltr'>Peloponnesi.</span> <span class='ocrx_word' id='word_1_352' title='bbox 832 3632 951 3701; x_wconf 77' lang='lat' dir='ltr'>Ecllei.</span> <span class='ocrx_word' id='word_1_353' title='bbox 1026 3666 1069 3683; x_wconf 93' lang='lat'>-</span> <span class='ocrx_word' id='word_1_354' title='bbox 1108 3656 1218 3699; x_wconf 90' lang='lat' dir='ltr'>nomen</span> <span class='ocrx_word' id='word_1_355' title='bbox 1248 3636 1405 3699; x_wconf 80' lang='lat' dir='ltr'>Archonrit</span> <span class='ocrx_word' id='word_1_356' title='bbox 1439 3642 1587 3720; x_wconf 82' lang='lat' dir='ltr'>Myndio-</span> 
     </span>
     <span class='ocr_line' id='line_1_40' title="bbox 475 3718 1587 3801; baseline -0.001 -14"><span class='ocrx_word' id='word_1_357' title='bbox 475 3722 540 3787; x_wconf 88' lang='lat' dir='ltr'>Vet.</span> <span class='ocrx_word' id='word_1_358' title='bbox 557 3724 619 3785; x_wconf 91' lang='lat' dir='ltr'>Tb.</span> <span class='ocrx_word' id='word_1_359' title='bbox 635 3738 667 3800; x_wconf 90' lang='lat'>9.</span> <span class='ocrx_word' id='word_1_360' title='bbox 691 3724 735 3801; x_wconf 82' lang='lat' dir='ltr'>fg.</span> <span class='ocrx_word' id='word_1_361' title='bbox 755 3740 787 3786; x_wconf 82' lang='lat'>2.</span> <span class='ocrx_word' id='word_1_362' title='bbox 809 3739 841 3797; x_wconf 89' lang='lat' dir='ltr'>p.</span> <span class='ocrx_word' id='word_1_363' title='bbox 867 3732 935 3797; x_wconf 79' lang='lat'>135.</span> <span class='ocrx_word' id='word_1_364' title='bbox 986 3738 1053 3782; x_wconf 91' lang='lat' dir='ltr'>rum</span> <span class='ocrx_word' id='word_1_365' title='bbox 1088 3718 1222 3781; x_wconf 88' lang='lat' dir='ltr'>Cariae:</span> <span class='ocrx_word' id='word_1_366' title='bbox 1255 3736 1329 3779; x_wconf 79' lang='lat' dir='ltr'>nox.</span> <span class='ocrx_word' id='word_1_367' title='bbox 1357 3735 1490 3782; x_wconf 79' lang='lat' dir='ltr'>oromoc</span> <span class='ocrx_word' id='word_1_368' title='bbox 1519 3741 1587 3786; x_wconf 81' lang='lat' dir='ltr'>ror</span> 
     </span>
     <span class='ocr_line' id='line_1_41' title="bbox 987 3802 1588 3873; baseline 0.003 -9"><span class='ocrx_word' id='word_1_369' title='bbox 987 3815 1185 3864; x_wconf 78' lang='lat' dir='ltr'>oroonuror</span> <span class='ocrx_word' id='word_1_370' title='bbox 1224 3816 1396 3873; x_wconf 71' lang='lat' dir='ltr'>remmon,</span> <span class='ocrx_word' id='word_1_371' title='bbox 1437 3802 1588 3866; x_wconf 83' lang='lat' dir='ltr'>Arclonte</span> 
     </span>
     <span class='ocr_line' id='line_1_42' title="bbox 422 3876 1587 3966; baseline -0.005 -23"><span class='ocrx_word' id='word_1_372' title='bbox 422 3878 550 3945; x_wconf 77' lang='lat' dir='ltr'>Diomedis</span> <span class='ocrx_word' id='word_1_373' title='bbox 565 3883 654 3959; x_wconf 83' lang='lat' dir='ltr'>ipsms</span> <span class='ocrx_word' id='word_1_374' title='bbox 670 3880 792 3945; x_wconf 84' lang='lat' dir='ltr'>fortaise</span> <span class='ocrx_word' id='word_1_375' title='bbox 803 3876 898 3966; x_wconf 76' lang='lat' dir='ltr'>&#39;caput</span> <span class='ocrx_word' id='word_1_376' title='bbox 908 3881 954 3945; x_wconf 88' lang='lat' dir='ltr'>iu·</span> <span class='ocrx_word' id='word_1_377' title='bbox 992 3882 1089 3945; x_wconf 79' lang='lat' dir='ltr'>Dione</span> <span class='ocrx_word' id='word_1_378' title='bbox 1106 3878 1270 3962; x_wconf 82' lang='lat' dir='ltr'>Diophmrti</span> <span class='ocrx_word' id='word_1_379' title='bbox 1285 3882 1326 3941; x_wconf 87' lang='lat' dir='ltr'>stl.</span> <span class='ocrx_word' id='word_1_380' title='bbox 1348 3901 1378 3942; x_wconf 90' lang='lat' dir='ltr'>n.</span> <span class='ocrx_word' id='word_1_381' title='bbox 1397 3884 1479 3957; x_wconf 87' lang='lat' dir='ltr'>Sept.</span> <span class='ocrx_word' id='word_1_382' title='bbox 1492 3888 1587 3951; x_wconf 81' lang='lat' dir='ltr'>Seue.</span> 
     </span>
     <span class='ocr_line' id='line_1_43' title="bbox 397 3959 1582 4049; baseline 0.002 -23"><span class='ocrx_word' id='word_1_383' title='bbox 397 3962 504 4049; x_wconf 36' lang='lat' dir='ltr'>&#39;hailein</span> <span class='ocrx_word' id='word_1_384' title='bbox 520 3965 860 4037; x_wconf 82' lang='lat' dir='ltr'>aduersaCannsrorum,</span> <span class='ocrx_word' id='word_1_385' title='bbox 877 3981 954 4042; x_wconf 86' lang='lat' dir='ltr'>quo·</span> <span class='ocrx_word' id='word_1_386' title='bbox 986 3965 1025 4026; x_wconf 87' lang='lat' dir='ltr'>ri.</span> <span class='ocrx_word' id='word_1_387' title='bbox 1054 3962 1145 4027; x_wconf 85' lang='lat' dir='ltr'>Vnill.</span> <span class='ocrx_word' id='word_1_388' title='bbox 1165 3962 1240 4045; x_wconf 86' lang='lat' dir='ltr'>Gr.)</span> <span class='ocrx_word' id='word_1_389' title='bbox 1266 3959 1394 4043; x_wconf 80' lang='lat' dir='ltr'>Gnffeme</span> <span class='ocrx_word' id='word_1_390' title='bbox 1406 3964 1445 4027; x_wconf 85' lang='lat' dir='ltr'>V.</span> <span class='ocrx_word' id='word_1_391' title='bbox 1466 3984 1497 4041; x_wconf 90' lang='lat' dir='ltr'>p.</span> <span class='ocrx_word' id='word_1_392' title='bbox 1513 3974 1582 4044; x_wconf 79' lang='lat'>185.</span> 
     </span>
     <span class='ocr_line' id='line_1_44' title="bbox 397 4048 954 4127; baseline 0.002 -21"><span class='ocrx_word' id='word_1_393' title='bbox 397 4048 577 4127; x_wconf 67' lang='lat' dir='ltr'>preorditor</span> <span class='ocrx_word' id='word_1_394' title='bbox 593 4063 625 4106; x_wconf 92' lang='lat' dir='ltr'>et</span> <span class='ocrx_word' id='word_1_395' title='bbox 644 4062 700 4107; x_wconf 89' lang='lat' dir='ltr'>rex</span> <span class='ocrx_word' id='word_1_396' title='bbox 725 4060 809 4120; x_wconf 86' lang='lat' dir='ltr'>erat,</span> <span class='ocrx_word' id='word_1_397' title='bbox 834 4063 954 4119; x_wconf 80' lang='lat' dir='ltr'>reprae-</span> 
     </span>
     <span class='ocr_line' id='line_1_45' title="bbox 391 4114 1584 4206; baseline 0.003 -21"><span class='ocrx_word' id='word_1_398' title='bbox 391 4114 507 4205; x_wconf 61' lang='lat' dir='ltr'>&#39;hnmr3</span> <span class='ocrx_word' id='word_1_399' title='bbox 535 4127 637 4189; x_wconf 88' lang='lat' dir='ltr'>auersa</span> <span class='ocrx_word' id='word_1_400' title='bbox 651 4145 727 4189; x_wconf 88' lang='lat' dir='ltr'>veto</span> <span class='ocrx_word' id='word_1_401' title='bbox 742 4144 813 4203; x_wconf 82' lang='lat' dir='ltr'>pars</span> <span class='ocrx_word' id='word_1_402' title='bbox 833 4125 952 4187; x_wconf 84' lang='lat' dir='ltr'>Diome·</span> <span class='ocrx_word' id='word_1_403' title='bbox 1027 4157 1068 4175; x_wconf 90' lang='lat'>-·</span> <span class='ocrx_word' id='word_1_404' title='bbox 1107 4141 1217 4187; x_wconf 90' lang='lat' dir='ltr'>nomen</span> <span class='ocrx_word' id='word_1_405' title='bbox 1235 4122 1373 4191; x_wconf 79' lang='lat' dir='ltr'>Scribat,</span> <span class='ocrx_word' id='word_1_406' title='bbox 1400 4137 1434 4185; x_wconf 87' lang='lat' dir='ltr'>vt</span> <span class='ocrx_word' id='word_1_407' title='bbox 1448 4127 1584 4206; x_wconf 84' lang='lat' dir='ltr'>videtur,</span> 
     </span>
     <span class='ocr_line' id='line_1_46' title="bbox 400 4194 1586 4289; baseline -0.003 -16"><span class='ocrx_word' id='word_1_408' title='bbox 400 4194 439 4273; x_wconf 55' lang='grc' dir='ltr'><strong>ᾗ</strong></span> <span class='ocrx_word' id='word_1_409' title='bbox 460 4208 486 4268; x_wconf 82' lang='grc' dir='ltr'>ἰιι</span> <span class='ocrx_word' id='word_1_410' title='bbox 516 4227 594 4289; x_wconf 89' lang='lat' dir='ltr'>equo</span> <span class='ocrx_word' id='word_1_411' title='bbox 621 4222 758 4270; x_wconf 87' lang='lat' dir='ltr'>currente</span> <span class='ocrx_word' id='word_1_412' title='bbox 783 4206 952 4268; x_wconf 86' lang='lat' dir='ltr'>d...ltastam</span> <span class='ocrx_word' id='word_1_413' title='bbox 984 4206 1217 4285; x_wconf 79' lang='lat' dir='ltr'>Bargasonorum</span> <span class='ocrx_word' id='word_1_414' title='bbox 1245 4204 1373 4277; x_wconf 87' lang='lat' dir='ltr'>Cariae,</span> <span class='ocrx_word' id='word_1_415' title='bbox 1409 4207 1460 4283; x_wconf 89' lang='lat' dir='ltr'>qul</span> <span class='ocrx_word' id='word_1_416' title='bbox 1489 4211 1586 4285; x_wconf 69' lang='lat' dir='ltr'>magi·</span> 
     </span>
     <span class='ocr_line' id='line_1_47' title="bbox 401 4280 1584 4418; baseline 0.002 -73"><span class='ocrx_word' id='word_1_417' title='bbox 401 4280 484 4418; x_wconf 52' lang='lat' dir='ltr'>im</span> <span class='ocrx_word' id='word_1_418' title='bbox 497 4294 572 4364; x_wconf 84' lang='lat' dir='ltr'>apud</span> <span class='ocrx_word' id='word_1_419' title='bbox 587 4286 732 4371; x_wconf 81' lang='lat' dir='ltr'>Mognnn.</span> <span class='ocrx_word' id='word_1_420' title='bbox 750 4289 837 4350; x_wconf 90' lang='lat' dir='ltr'>Misc.</span> <span class='ocrx_word' id='word_1_421' title='bbox 858 4288 951 4350; x_wconf 89' lang='lat' dir='ltr'>Num.</span> <span class='ocrx_word' id='word_1_422' title='bbox 986 4291 1092 4351; x_wconf 85' lang='lat' dir='ltr'>stratus</span> <span class='ocrx_word' id='word_1_423' title='bbox 1111 4288 1230 4347; x_wconf 86' lang='lat' dir='ltr'>titulum</span> <span class='ocrx_word' id='word_1_424' title='bbox 1253 4305 1314 4347; x_wconf 89' lang='lat' dir='ltr'>non</span> <span class='ocrx_word' id='word_1_425' title='bbox 1333 4287 1505 4362; x_wconf 75' lang='lat' dir='ltr'>signarunt·</span> <span class='ocrx_word' id='word_1_426' title='bbox 1526 4303 1584 4353; x_wconf 75' lang='lat' dir='ltr'>en.</span> 
     </span>
     <span class='ocr_line' id='line_1_48' title="bbox 419 4364 1585 4441; baseline 0.008 -19"><span class='ocrx_word' id='word_1_427' title='bbox 419 4364 482 4428; x_wconf 90' lang='lat' dir='ltr'>.lll.</span> <span class='ocrx_word' id='word_1_428' title='bbox 505 4372 566 4433; x_wconf 92' lang='lat' dir='ltr'>Th.</span> <span class='ocrx_word' id='word_1_429' title='bbox 597 4377 644 4437; x_wconf 84' lang='lat'>18·</span> <span class='ocrx_word' id='word_1_430' title='bbox 664 4384 695 4433; x_wconf 93' lang='lat' dir='ltr'>et</span> <span class='ocrx_word' id='word_1_431' title='bbox 726 4368 834 4429; x_wconf 85' lang='lat' dir='ltr'>Oderic</span> <span class='ocrx_word' id='word_1_432' title='bbox 859 4368 951 4432; x_wconf 84' lang='lat' dir='ltr'>Num.</span> <span class='ocrx_word' id='word_1_433' title='bbox 987 4387 1061 4433; x_wconf 76' lang='lat' dir='ltr'>nar.</span> <span class='ocrx_word' id='word_1_434' title='bbox 1087 4384 1214 4430; x_wconf 82' lang='lat' dir='ltr'>ornnoc</span> <span class='ocrx_word' id='word_1_435' title='bbox 1249 4383 1487 4441; x_wconf 78' lang='lat' dir='ltr'>unnructrrann,</span> <span class='ocrx_word' id='word_1_436' title='bbox 1521 4366 1585 4441; x_wconf 76' lang='lat' dir='ltr'>Sub</span> 
     </span>
     <span class='ocr_line' id='line_1_49' title="bbox 365 4420 1585 4533; baseline -0.005 -20"><span class='ocrx_word' id='word_1_437' title='bbox 365 4450 370 4457; x_wconf 82' lang='grc'><strong>’</strong></span> <span class='ocrx_word' id='word_1_438' title='bbox 396 4420 475 4513; x_wconf 48' lang='lat' dir='ltr'>ht.</span> <span class='ocrx_word' id='word_1_439' title='bbox 491 4464 607 4530; x_wconf 78' lang='lat' dir='ltr'>p.139.</span> <span class='ocrx_word' id='word_1_440' title='bbox 628 4452 694 4515; x_wconf 78' lang='lat' dir='ltr'>vid.</span> <span class='ocrx_word' id='word_1_441' title='bbox 713 4447 880 4530; x_wconf 68' lang='lat' dir='ltr'>Callistum.</span> <span class='ocrx_word' id='word_1_442' title='bbox 928 4494 935 4533; x_wconf 37' lang='grc' dir='ltr'><strong><em>ἦ</em></strong></span> <span class='ocrx_word' id='word_1_443' title='bbox 988 4448 1108 4515; x_wconf 83' lang='lat' dir='ltr'>Aurelio</span> <span class='ocrx_word' id='word_1_444' title='bbox 1128 4448 1233 4510; x_wconf 88' lang='lat' dir='ltr'>Dione.</span> <span class='ocrx_word' id='word_1_445' title='bbox 1253 4468 1284 4511; x_wconf 91' lang='lat' dir='ltr'>n.</span> <span class='ocrx_word' id='word_1_446' title='bbox 1300 4450 1389 4513; x_wconf 84' lang='lat' dir='ltr'>Alex.</span> <span class='ocrx_word' id='word_1_447' title='bbox 1406 4446 1521 4521; x_wconf 83' lang='lat' dir='ltr'>Seueri,</span> <span class='ocrx_word' id='word_1_448' title='bbox 1542 4451 1585 4513; x_wconf 80' lang='lat' dir='ltr'>it.</span> 
     </span>
     <span class='ocr_line' id='line_1_50' title="bbox 987 4524 1582 4613; baseline 0 -18"><span class='ocrx_word' id='word_1_449' title='bbox 987 4533 1157 4595; x_wconf 75' lang='lat' dir='ltr'>Maximini.</span> <span class='ocrx_word' id='word_1_450' title='bbox 1198 4527 1292 4596; x_wconf 71' lang='lat' dir='ltr'>Valli.</span> <span class='ocrx_word' id='word_1_451' title='bbox 1326 4530 1403 4613; x_wconf 87' lang='lat' dir='ltr'>Gr.)</span> <span class='ocrx_word' id='word_1_452' title='bbox 1434 4524 1582 4610; x_wconf 49' lang='grc' dir='ltr'>,ὕψι</span> 
     </span>
     <span class='ocr_line' id='line_1_51' title="bbox 423 4610 1111 4695; baseline 0.012 -26"><span class='ocrx_word' id='word_1_453' title='bbox 423 4610 861 4695; x_wconf 65' lang='grc' dir='ltr'>Νοκεωηκ,1)ὶοωεᾶὶιηβπηι.</span> <span class='ocrx_word' id='word_1_454' title='bbox 879 4612 953 4675; x_wconf 80' lang='lat' dir='ltr'>Cla·</span> <span class='ocrx_word' id='word_1_455' title='bbox 986 4633 1020 4693; x_wconf 90' lang='lat' dir='ltr'>p.</span> <span class='ocrx_word' id='word_1_456' title='bbox 1042 4615 1111 4693; x_wconf 79' lang='lat'>376.</span> 
     </span>
     <span class='ocr_line' id='line_1_52' title="bbox 405 4680 1574 4780; baseline 0.002 -25"><span class='ocrx_word' id='word_1_457' title='bbox 405 4680 615 4769; x_wconf 57' lang='lat' dir='ltr'>*upharena</span> <span class='ocrx_word' id='word_1_458' title='bbox 657 4694 699 4780; x_wconf 84' lang='grc'>)(</span> <span class='ocrx_word' id='word_1_459' title='bbox 737 4699 837 4772; x_wconf 85' lang='lat' dir='ltr'>Caput</span> <span class='ocrx_word' id='word_1_460' title='bbox 855 4688 953 4757; x_wconf 81' lang='lat' dir='ltr'>&#39;Solis</span> <span class='ocrx_word' id='word_1_461' title='bbox 1572 4734 1574 4739; x_wconf 93' lang='lat'>-</span> 
     </span>
     <span class='ocr_line' id='line_1_53' title="bbox 403 4770 1583 4860; baseline 0.007 -31"><span class='ocrx_word' id='word_1_462' title='bbox 403 4820 408 4829; x_wconf 85' lang='lat'>.</span> <span class='ocrx_word' id='word_1_463' title='bbox 473 4792 527 4837; x_wconf 87' lang='lat' dir='ltr'>um.</span> <span class='ocrx_word' id='word_1_464' title='bbox 567 4776 687 4839; x_wconf 82' lang='lat' dir='ltr'>Dubius</span> <span class='ocrx_word' id='word_1_465' title='bbox 700 4780 741 4841; x_wconf 87' lang='lat' dir='ltr'>est</span> <span class='ocrx_word' id='word_1_466' title='bbox 758 4776 889 4860; x_wconf 73' lang='lat' dir='ltr'>Gufflme</span> <span class='ocrx_word' id='word_1_467' title='bbox 905 4778 953 4845; x_wconf 85' lang='lat'>111,</span> <span class='ocrx_word' id='word_1_468' title='bbox 1024 4790 1120 4845; x_wconf 78' lang='grc' dir='ltr'><strong>ΔῐοΝ.</strong></span> <span class='ocrx_word' id='word_1_469' title='bbox 1139 4786 1262 4845; x_wconf 67' lang='lat' dir='ltr'>Amilo,</span> <span class='ocrx_word' id='word_1_470' title='bbox 1285 4770 1422 4854; x_wconf 72' lang='lat' dir='ltr'>Dionyfii</span> <span class='ocrx_word' id='word_1_471' title='bbox 1433 4774 1485 4839; x_wconf 80' lang='lat' dir='ltr'>vel</span> <span class='ocrx_word' id='word_1_472' title='bbox 1498 4784 1583 4837; x_wconf 76' lang='lat' dir='ltr'>herle·</span> 
     </span>
     <span class='ocr_line' id='line_1_54' title="bbox 400 4846 1453 4943; baseline 0.016 -32"><span class='ocrx_word' id='word_1_473' title='bbox 400 4846 471 4913; x_wconf 74' lang='lat' dir='ltr'>lm</span> <span class='ocrx_word' id='word_1_474' title='bbox 493 4858 539 4919; x_wconf 89' lang='lat' dir='ltr'>cui</span> <span class='ocrx_word' id='word_1_475' title='bbox 560 4859 706 4921; x_wconf 87' lang='lat' dir='ltr'>attribuat</span> <span class='ocrx_word' id='word_1_476' title='bbox 729 4862 795 4922; x_wconf 84' lang='lat' dir='ltr'>vrbi</span> <span class='ocrx_word' id='word_1_477' title='bbox 816 4876 951 4933; x_wconf 88' lang='lat' dir='ltr'>numum,</span> <span class='ocrx_word' id='word_1_478' title='bbox 985 4860 1094 4935; x_wconf 64' lang='lat' dir='ltr'>calin,</span> <span class='ocrx_word' id='word_1_479' title='bbox 1118 4854 1315 4943; x_wconf 70' lang='lat' dir='ltr'>Dionysodori</span> <span class='ocrx_word' id='word_1_480' title='bbox 1328 4874 1453 4928; x_wconf 70' lang='lat' dir='ltr'>walen·</span> 
     </span>
     <span class='ocr_line' id='line_1_55' title="bbox 403 4928 1058 5089; baseline 0.009 -90"><span class='ocrx_word' id='word_1_481' title='bbox 403 4928 673 5005; x_wconf 66' lang='lat' dir='ltr'>Adniomedean</span> <span class='ocrx_word' id='word_1_482' title='bbox 689 4942 877 5009; x_wconf 76' lang='lat' dir='ltr'>liaculorum</span> <span class='ocrx_word' id='word_1_483' title='bbox 900 4955 954 5009; x_wconf 75' lang='lat' dir='ltr'>er·</span> <span class='ocrx_word' id='word_1_484' title='bbox 1028 5018 1058 5089; x_wconf 60' lang='grc' dir='ltr'>κ</span> 
     </span>
     <span class='ocr_line' id='line_1_56' title="bbox 418 5029 1581 5088; baseline 0.005 -7"><span class='ocrx_word' id='word_1_485' title='bbox 418 5076 421 5081; x_wconf 96' lang='grc'>.</span> <span class='ocrx_word' id='word_1_486' title='bbox 1078 5036 1100 5088; x_wconf 67' lang='lat'>0</span> <span class='ocrx_word' id='word_1_487' title='bbox 1238 5036 1242 5042; x_wconf 48' lang='lat'>⁵</span> <span class='ocrx_word' id='word_1_488' title='bbox 1478 5029 1581 5087; x_wconf 58' lang='lat' dir='ltr'>“Me</span> 
     </span>
    </p>
   </div>
   <div class='ocr_carea' id='block_1_3' title="bbox 0 0 1892 5734">
    <p class='ocr_par' dir='ltr' id='par_1_3' title="bbox 0 0 1892 5734">
     <span class='ocr_line' id='line_1_57' title="bbox 0 0 1892 5734; baseline 0 0"><span class='ocrx_word' id='word_1_489' title='bbox 0 0 1892 5734; x_wconf 95' lang='lat' dir='ltr'> </span> 
     </span>
    </p>
   </div>
  </div>
 </body>
</html>
