3775 5734
288 530 392 611 top-7
510 486 620 583 ss
821 453 827 475 Ι
1191 512 1253 593 BE
1413 520 1544 625 'rope¹

330 690 457 754 Flauiae
472 684 643 763 'adpellatio
669 688 765 752 indita
794 692 889 766 pluri:
966 688 1126 752 curatam
1156 690 1288 753 Achaiae
1330 691 1478 771 plurimis¹
1504 717 1523 763 ι

282 775 345 835 bus
365 771 495 833 coloniis
509 771 563 830 sub
575 767 751 844 Vespasiano
769 788 804 832 ac
819 773 888 833 liliis
922 772 1098 833 Domitiano
1132 772 1265 833 adstrisia
1298 774 1450 837 beneficiio
1470 780 1524 841 ed.-

284 854 444 925 decumis,
475 852 637 911 velocem
659 853 760 925 plures
787 870 888 914 earum
922 852 1020 912 sumsat
1060 854 1147 912 etiam
1181 851 1302 914 Flauiae
1338 872 1521 930 cognomen.

283 934 407 995 urbium
433 932 515 993 numi
543 931 601 991 ΡΙ..
627 933 676 990 vel
697 934 812 994 Graece
832 948 900 995 oa..
923 934 1004 993 ilinc
1028 934 1059 992 in
1083 934 1181 993 numis
1208 933 1391 993 Domitiani:
1423 936 1517 1003 COL.

283 1014 347 1077 saue
372 1028 455 1079 ena.
489 1026 541 1075 aut
567 1026 710 1076 ouant-t.
742 1013 886 1090 inscripti.
921 1013 1258 1077 FLAV.AVG.COR.
1282 1011 1521 1081 Coloaiafsam.

283 1094 333 1160 lta
693 1148 700 1159 .
832 1150 836 1163 ,
919 1089 1051 1174 Augusta
1091 1092 1261 1153 Corinthus.
1294 1124 1333 1141 -
1378 1096 1436 1156 Vel
1467 1102 1521 1161 aa.

919 1175 1016 1235 iunxit
1039 1172 1131 1234 lasiae
1153 1191 1281 1246 nomen,
1321 1177 1403 1251 quod
1430 1178 1519 1241 alu·

324 1258 459 1329 Ameana
492 1258 652 1334 Hispaniae
691 1260 769 1335 apud
798 1262 837 1322 Li
855 1282 888 1321 ο.
920 1256 988 1328 lio,
1038 1255 1175 1314 coloniae
1227 1256 1386 1315 fundatore
1431 1274 1520 1323 acee-

285 1340 387 1403 rium:
408 1338 597 1403 COLONsA
618 1342 676 1406 PL.
697 1342 820 1404 ΑΜΛΝ
853 1346 885 1405 S.
921 1349 1027 1478 goffia
1049 1335 1242 1397 COL.1VL.
1289 1334 1394 1397 Flauia
1414 1336 1518 1408 AVG.

293 1530 298 1537 ·
332 1493 476 1575 Caeffirea
496 1502 526 1561 in
545 1500 727 1570 Palaestina,
750 1502 803 1565 sub
822 1503 886 1565 Ve-·
942 1522 946 1529 ·
981 1496 984 1501 ’

284 1578 419 1655 spariano
431 1582 555 1643 colonia
567 1583 663 1655 sasia3
680 1584 801 1645 obuium
811 1585 887 1645 illud
964 1574 1107 1638 Deultum
1119 1574 1281 1651 Thraciae,
1299 1578 1420 1639 colonia
1430 1576 1519 1643 ave}

289 1658 414 1721 Flauiae
431 1676 599 1737 cognomen
630 1664 660 1723 in
686 1667 769 1727 vrbis
800 1665 883 1726 illiue
920 1659 1050 1735 spasiano
1074 1658 1198 1745 dedusta
1228 1661 1390 1719 abeodem
1411 1657 1517 1721 Flauia

283 1742 383 1803 numis
402 1740 455 1802 sub
469 1742 542 1802 Tito
562 1760 597 1801 ac
614 1744 679 1803 aliia
704 1746 771 1805 dein
790 1746 885 1820 lmpe-
920 1754 1134 1813 nuncupatur:
1185 1738 1277 1804 COL.
1316 1738 1373 1801 FL.
1422 1740 1516 1807 PAC-

281 1824 436 1883 tatoribus
469 1824 616 1896 percussis.
658 1821 760 1885 Parsa.
785 1827 880 1900 lmpp.
919 1821 1075 1883 DEVLT.
1103 1816 1282 1881 Vaassen.
1300 1821 1333 1880 ll.
1353 1838 1384 1895 p.
1403 1836 1451 1898 33.

282 1907 877 1981 mmmmmmm
1166 1934 1169 1949 ·
1355 1906 1425 1923 ²

284 1980 443 2059 Caesarea.
473 2014 514 2027 -
553 1984 585 2043 ln
602 1985 730 2047 eiusiem
746 1987 809 2047 Titi
826 2004 880 2046 nu·
957 1976 1096 2040 Eumenia
1118 1978 1267 2055 Phrruae
1295 1978 1400 2039 Fsauin
1429 1984 1513 2049 ass.

280 2076 331 2127 ιο
350 2062 463 2141 signata
481 2064 582 2123 eadem
599 2064 761 2128 Caesarea:
785 2068 880 2129 COL.
914 2058 1094 2134 Vespasiano
1128 2059 1364 2137 cognominata:
1411 2078 1515 2127 aaut·

280 2140 562 2207 CAESAREA
598 2146 674 2207 ΗΒ.
716 2163 797 2208 oua.
830 2148 882 2211 seu
914 2153 1192 2202 uanueaasrnu.
1213 2140 1472 2207 nantonioii’ii

280 2222 398 2285 Libera
434 2223 550 2287 Flauia.
584 2224 701 2285 Frustra
727 2226 879 2292 Hardaia.
1050 2258 1055 2273 ·

280 2304 340 2367 3e1.
371 2306 469 2379 Opes.
494 2322 525 2381 p.
554 2322 603 2382 39.
634 2308 797 2380 postremas
825 2308 880 2371 han
960 2298 1099 2443 N‘sfsff‘
1131 2299 1299 2376 Samariae,
1335 2304 1373 2364 ab
1404 2302 1514 2367 eodem

280 2388 400 2447 lateras
433 2400 514 2461 aaa,
537 2388 567 2445 in
596 2386 681 2446 simili
707 2388 880 2449 caracallae
914 2380 990 2457 Imp.
1041 2382 1131 2441 ⁴latria
1160 2392 1289 2454 vocata,
1331 2382 1440 2459 legitur
1459 2386 1513 2447 sub

280 2468 361 2543 apud
385 2462 550 2541 'frisionum
566 2466 601 2529 11.
622 2484 652 2541 p.
683 2470 749 2535 ma.
772 2486 878 2542 numo,
914 2466 1009 2525 Tito:
1045 2478 1169 2523 ouans.
1199 2476 1365 2523 uaanoar.
1405 2478 1516 2526 zaraa·

280 2549 364 2627 putus
398 2549 552 2609 idiomatis
590 2547 644 2607 fint
677 2549 802 2622 diuersi,
841 2552 879 2610 ad
913 2560 1022 2616 naas,
1055 2542 1160 2605 floreia
1185 2542 1324 2624 Neapolis
1343 2540 1512 2619 Samariae,

280 2645 386 2771 fata
417 2640 550 2768 {siis
567 2632 879 2772 {stalariis
913 2624 1513 2769 {iiiimlissailaais‘a‘ia

280 2758 400 2855 nonarit
428 2784 516 2848 Vaisl.
542 2790 632 2849 Num.
661 2790 773 2852 Colon.
798 2754 824 2852 s.
845 2808 878 2865 p.
912 2788 1010 2859 aelio,
1036 2784 1169 2847 Faustina
1200 2746 1513 2858 Iuniorc,’Commo·

280 2884 350 2948 135.
374 2868 461 2928 statui
481 2870 654 2939 neutiquam
671 2873 782 2943 potuit.
825 2870 878 2932 Bi·
913 2866 974 2940 do,
997 2867 1165 2938 Caracalla,
1182 2865 1333 2939 Micrhwa
1351 2867 1511 2931 Diadume·

280 2948 376 3013 aar-d.
410 2952 447 3008 ad
469 2946 528 3009 lob.
553 2950 586 3009 ll.
610 2968 639 3023 p.
659 2966 729 3025 239.
772 2952 880 3029 Neque
912 2948 1025 3017 niano,
1067 2944 1260 3021 Elagabalo:
1303 2961 1360 3007 oa.
1406 2962 1512 3015 Neara.

280 3050 352 3093 vero
371 3030 493 3089 aliunde
511 3031 633 3107 ignotae
649 3031 798 3107 bilingues
813 3032 878 3093 sub·
913 3042 964 3087 cr.
1002 3040 1061 3085 aaa.
1089 3028 1139 3085 vel
1169 3041 1228 3085 ou.
1262 3042 1412 3088 uraca.
1437 3036 1511 3095 crr'.
1610 3095 1617 3109 ,

280 3116 345 3173 nde
367 3113 399 3171 in
428 3112 615 3170 coloniarum
633 3114 751 3176 numia,
785 3113 829 3171 vti
849 3124 879 3173 et
913 3121 1021 3165 nean.
1040 3105 1090 3166 vel
1107 3121 1161 3170 oa,
1179 3119 1229 3165 aut
1245 3123 1326 3171 raa,
1343 3120 1434 3171 unae
1451 3126 1510 3173 no·

280 3214 300 3257 rt
322 3190 480 3265 lapidibus
498 3192 641 3267 antiquis,
661 3192 878 3265 inscriptiones.
913 3202 1003 3245 aroc
1022 3186 1070 3246 vel
1083 3201 1252 3246 ouant-raa
1270 3200 1358 3247 usar:
1371 3204 1511 3251 aroanna

280 3276 320 3336 ix
360 3288 523 3331 namtarum
560 3274 760 3332 monumentis
789 3274 877 3333 ctiam
913 3282 1069 3327 cratae
1091 3282 1343 3340 nauarcnrurre,
1387 3268 1511 3331 Fsarar'ae

279 3354 418 3425 sanstae,
444 3350 562 3411 Flauias
581 3354 673 3411 dicias
687 3354 787 3425 plures
804 3354 877 3414 alias
916 3346 1056 3432 Neapolis
1073 3344 1178 3423 Syriae
1195 3347 1384 3410 Palaestinae.

279 3438 370 3497 nrbes
382 3472 396 3499 ,
417 3434 510 3492 modo
528 3450 618 3503 cum,
640 3436 731 3492 modo
747 3433 805 3493 stne
825 3452 878 3494 co·

280 3518 379 3577 oniae
396 3528 612 3589 cognomento,
627 3530 702 3591 qrtae
718 3517 755 3575 ab
773 3516 876 3575 iii'dem
963 3505 1166 3589 Philadelphum
1203 3507 1318 3586 Lydiae
1364 3512 1505 3575 extremis

279 3598 410 3664 iistriis,
442 3593 618 3667 Vespasiano
649 3612 684 3653 ac
713 3595 781 3655 siliis
801 3596 876 3655 Tito
911 3590 1001 3651 etiam
1038 3591 1225 3664 temporibus
1268 3588 1373 3649 ssorum
1408 3592 1507 3653 diasat

279 3694 302 3739 =t
344 3675 545 3740 Domitiano,
573 3674 638 3735 sum
669 3676 729 3735 hoc
766 3693 876 3737 nomen
910 3687 968 3731 ou.
1000 3684 1254 3731 oraaoaaoanu.
1292 3686 1323 3729 n.
1347 3671 1508 3747 Gordiani.

279 3760 401 3830 tacite,
438 3772 507 3817 cum
535 3754 727 3831 Vespasianus
756 3756 876 3818 Plausus
908 3752 1051 3827 Philippi.

279 3838 347 3903 ail'et
370 3837 502 3912 origine.
1489 3884 1492 3893 ·

953 3904 1104 3987 Samosata
1117 3910 1335 3988 Commagenes
1361 3911 1392 3973 in
1411 3911 1508 3977 Flauii

316 3994 439 4061 Chalcis
475 3998 579 4073 Syriae
616 3996 668 4057 sub
698 3994 876 4057 Domitiano
911 3993 1079 4067 Vespasrani
1101 3992 1244 4069 gratiam:
1272 4006 1328 4052 ou.
1354 4008 1434 4056 cau.
1456 4000 1506 4058 vel

279 4080 405 4147 Plautiae
424 4096 533 4139 nomen
555 4078 712 4149 adsumsit,
733 4078 801 4136 inde
819 4092 875 4137 oa.
910 4090 1030 4135 camoc.
1050 4074 1354 4161 velcauooarrnu.
1372 4071 1507 4144 almas.

279 4176 476 4225 enarmonia
494 4161 524 4219 in
541 4164 638 4219 numia
654 4159 798 4231 'l'raiani,
815 4158 877 4219 Ha·
910 4170 1013 4218 camo.
1030 4172 1061 4214 n.
1086 4154 1240 4222 lladriam,
1260 4152 1297 4213 L.
1309 4153 1395 4227 Veri,
1419 4159 1502 4232 Sept.

279 4243 397 4315 irioni,
419 4240 513 4314 Veri,
534 4240 708 4301 Commodi.
909 4233 1397 4311 Seueri,Caracallae‚Elrgabaii‚
1414 4238 1506 4303 Alea.

909 4317 1035 4388 seueri,
1055 4314 1184 4388 Philippi
1202 4316 1348 4389 scitioris,
1368 4318 1464 4378 Decii.

319 4398 531 4495 Commagene,
550 4417 620 4475 para
635 4399 762 4477 Syriae,
780 4414 796 4456 a
813 4394 875 4458 Ve-

278 4480 411 4556 spasiano
436 4498 467 4543 an
490 4482 675 4554 prouinciam
708 4482 876 4539 Romanam
949 4473 1101 4535 abavia
1119 4471 1199 4549 legio
1218 4474 1306 4549 disin,
1328 4478 1504 4555 qnareai'c·
1568 4546 1573 4553 ¹

278 4563 416 4633 redama,
446 4563 546 4620 abeo
575 4563 652 4621 dic'ta
681 4560 721 4620 cst
755 4559 873 4625 Flauia,
909 4556 1040 4631 spasiano
1055 4554 1311 4629 constupuisse,
1334 4575 1371 4617 ex
1393 4558 1502 4621 Dione.
1604 4616 1606 4621 ,

278 4642 352 4703 teste
371 4640 508 4701 Suetonio
531 4643 561 4702 in
582 4642 669 4717 Vesp.
689 4660 717 4701 c.
735 4648 765 4715 8.
786 4642 874 4719 Legi·
910 4635 1136 4699 Hancvidimus
1148 4637 1177 4695 in
1190 4638 1329 4697 Gallieno
1345 4654 1412 4699 cum
1426 4651 1504 4715 typo

278 4736 328 4785 nar
352 4734 501 4785 eaaorta
532 4723 562 4783 in
587 4741 616 4783 ιι.
643 4721 808 4787 lladriam',
838 4722 874 4782 L.
910 4718 1007 4779 leonis
1032 4718 1158 4790 pedibus
1178 4718 1377 4779 anterioribus
1404 4719 1504 4782 adriu-

278 4802 375 4876 Veri,
412 4801 496 4879 Sept.
525 4804 649 4875 Seruari,
689 4803 874 4874 caracallae,
908 4800 1019 4876 gentis.
1043 4798 1095 4859 lii.
1120 4814 1184 4857 cum
1208 4800 1302 4875 epigr.
1329 4798 1422 4859 LEG.
1446 4800 1504 4863 llll.

278 4882 456 4961 Elagabali,
474 4883 567 4944 Alex.
590 4885 715 4958 Seueri,
744 4882 875 4960 Philippi
909 4877 1041 4941 FL.V1.
1066 4880 1099 4939 P.
1123 4878 1178 4938 Vl.
1200 4878 1231 4935 F.
1283 4872 1373 4937 Voill.
1399 4880 1448 4943 Pr.
1468 4882 1503 4943 11.

278 4964 431 5039 mura,
450 4962 550 5025 Decii.
907 4978 940 5039 p.
966 4974 1035 5040 359.
1057 4991 1094 5007 -
1130 4960 1164 5019 la
1179 4962 1238 5031 Ν.
1262 4957 1409 5021 vaustina
1432 4962 1504 5105 Sedu.

1402 5058 1459 5119 pro
1484 5044 1505 5104 'e
