3775 5734
369 536 461 613 ἰςι
563 538 567 547 ·
643 516 711 595 DE
1289 511 1355 595 DE
1535 544 1617 615 ,ιιι

1362 642 1373 673 ⁴

388 688 531 764 mame.
558 727 602 745 -
642 701 763 775 Luem,
781 698 853 763 lune
873 700 905 765 in
926 696 984 762 bu·
1018 715 1066 761 err
1089 699 1120 761 in
1139 695 1223 761 Astis
1238 696 1413 773 Apostolor.
1432 715 1459 759 c.
1478 698 1565 774 xlv,
1585 702 1615 765 6.

386 783 498 854 meria,
528 782 609 859 gallo
645 784 813 859 gallinaceo
840 794 871 842 et
896 784 985 843 mitra
1017 782 1108 853 xvi,
1135 796 1162 841 r.
1191 811 1234 823 -
1265 779 1322 839 'Ad
1353 781 1473 839 Derben
1501 783 1616 857 chao·

338 920 341 925 .
385 860 529 940 Phrygia.
549 892 590 905 -
629 858 750 923 Mer-iai
764 860 823 935 dei,
842 862 984 923 Melicer·
1019 863 1086 923 niae
1100 864 1203 933 urbem
1215 861 1508 923 reseruntHerduin.
1524 864 1615 938 Oper.

322 1014 325 1019 ¹
385 954 433 1016 ta,
450 942 609 1015 Palaemon
627 956 657 1003 et
672 942 866 1017 Poterimus,
883 944 984 1018 pueris
1019 960 1047 1017 p.
1056 957 1107 1020 49.
1129 954 1159 1001 et
1172 939 1279 1015 Hrym.
1298 940 1360 1001 Th.
1378 942 1428 1002 Br.
1445 942 1485 1001 11.
1505 961 1535 1017 p.
1548 960 1615 1022 243.

387 1022 532 1097 delphino
568 1022 772 1087 insidentibus.
811 1053 854 1067 —
894 1021 985 1081 Mers
1020 1040 1057 1085 ex
1077 1020 1217 1083 Morellr'o
1234 1020 1384 1082 Faustinae
1399 1022 1465 1085 lun.
1483 1040 1617 1101 numum.

386 1104 509 1175 aalide,
530 1102 612 1164 balla
627 1117 659 1165 et
674 1104 769 1183 galea.
789 1135 830 1151 -
861 1100 986 1163 Mercu·
1019 1104 1123 1181 inquo
1143 1108 1344 1167 orreretur
1366 1112 1532 1171 οειιιιτιι.
1556 1106 1617 1167 llu-

384 1184 450 1243 rius
467 1186 621 1259 caduceo,
640 1184 743 1259 petaso
762 1185 865 1255 alato,
884 1186 987 1246 adiret
1019 1185 1065 1245 ius
1082 1197 1184 1257 caput.
1212 1179 1252 1263 )(
1271 1192 1402 1242 nuaram
1416 1196 1508 1255 aaran
1523 1200 1617 1247 ιιοικι

386 1265 469 1404 {allo
496 1264 687 1341 gallinaceo,
714 1268 898 1337 volaticae,
933 1265 985 1324 vel
1018 1276 1231 1331 nrueourao,
1267 1260 1395 1322 Claudia
1416 1262 1518 1325 Derbe
1536 1264 1616 1325 Cera·

340 1376 353 1385 ··
407 1361 473 1406 ane.
511 1373 554 1387 -
597 1340 752 1427 Neptunus
790 1347 903 1407 dextra·
921 1346 986 1406 del·
1018 1362 1101 1403 mure
1110 1342 1282 1417 Lycaoniae.
1306 1344 1437 1405 Fortuna
1455 1344 1534 1408 stans
1553 1364 1619 1409 cun

385 1422 531 1501 phinon,
560 1424 648 1485 laeua
674 1428 833 1488 tridentem
854 1427 983 1501 plerum·
1019 1438 1139 1486 temone
1168 1437 1199 1484 et
1218 1425 1429 1499 cornucopiae.
1472 1428 1514 1486 At
1537 1428 1619 1505 idem

470 1507 558 1581 gerit.
598 1534 642 1551 -
679 1505 771 1568 Pluto
799 1508 905 1571 barba.
941 1540 986 1557 ·-
1040 1507 1126 1566 rocul
1135 1506 1341 1566 dubionumus
1354 1509 1389 1565 ab
1401 1500 1518 1567 Eelbel.
1531 1508 1618 1569 Num.

386 1520 650 1727 lietera
677 1584 988 1729 uariare·
1018 1520 1148 1728 lan
1166 1584 1434 1727 aurun

385 1760 475 1807 nens.
502 1775 545 1791 -
591 1688 776 1831 'rel'esplnirus
797 1748 913 1823 pallio,
931 1750 987 1809 mi·
1149 1708 1159 1728 ι
1204 1708 1215 1727 ·
1358 1683 1394 1748 po
1433 1708 1445 1727 ⁸

386 1827 461 1887 tella
475 1828 617 1897 nautica,
637 1830 690 1889 vel
710 1830 869 1906 peregrino
890 1829 988 1903 pileo.
1064 1822 1211 1892 Dereeea,
1234 1828 1286 1887 Gr.
1304 1826 1433 1897 audes.
1454 1827 1505 1888 vel
1522 1841 1556 1889 vt
1569 1828 1618 1891 alil

385 1936 429 1955 ·-
475 1904 623 1967 Vulcanus
644 1924 679 1971 ac
702 1910 846 1985 cyclopae
864 1911 987 1971 mitellis
1021 1923 1058 1965 ex
1086 1905 1219 1969 Diodoro
1239 1908 1357 1969 malunt
1378 1907 1532 1983 Decreta,
1562 1928 1621 1971 no·

386 2000 419 2048 et
436 1988 635 2049 instrumentis
650 1989 822 2050 fabrilibus.
842 2020 884 2034 -
920 1992 987 2051 Ro·
1020 2004 1089 2046 men
1122 1987 1276 2049 fabulosae
1300 1988 1379 2063 apud
1406 1992 1501 2065 Syros
1534 1992 1618 2065 deae,

385 2084 546 2129 manorum
571 2070 611 2129 dii
636 2070 811 2147 plerumque
826 2070 915 2143 nudi,
936 2070 987 2130 vel
1021 2084 1096 2144 quae
1125 2069 1247 2129 dimidia
1266 2084 1352 2142 parte
1378 2070 1506 2142 mulier,
1538 2088 1555 2130 a
1575 2073 1621 2133 se·

385 2146 515 2221 hastati,
535 2151 586 2211 vel
601 2149 742 2225 clipeati.
763 2168 987 2229 nonnumquam
1020 2150 1156 2209 moribus
1177 2162 1278 2209 autem
1298 2150 1337 2209 ad
1357 2150 1448 2223 pedes
1468 2151 1566 2225 piscis.
1585 2168 1619 2215 v.

385 2231 511 2305 galaad,
527 2246 598 2290 raro
612 2229 736 2307 emigerl
752 2232 908 2305 adparent,
925 2232 987 2291 sce·
1019 2228 1187 2309 Aeergaeis.
1207 2260 1249 2273 -
1289 2230 1424 2303 scopulo
1441 2230 1569 2293 insidens
1589 2244 1621 2295 et

384 2320 487 2385 ptrum
501 2326 576 2370 vero
595 2328 700 2372 eorum
717 2312 872 2385 proprium
894 2312 934 2371 est
956 2326 987 2372 et
1021 2322 1105 2382 parte
1140 2308 1279 2371 inferiori
1311 2310 1396 2387 aquia
1432 2312 1570 2375 immersa
1588 2314 1621 2377 ln

383 2404 500 2465 patera.
521 2422 563 2436 -
601 2392 725 2467 Effigies
737 2380 873 2453 Deorum
892 2393 984 2465 deno·
1019 2390 1123 2463 priscis
1144 2392 1248 2466 Syriae
1264 2406 1298 2451 ac
1312 2390 1621 2464 Mesopotamiaeme·

384 2482 432 2529 tat
459 2471 510 2531 vel
535 2472 717 2546 templorum
751 2473 986 2545 dedicationem,
1020 2471 1088 2529 mis.
1111 2500 1153 2513 -
1185 2470 1280 2529 eidem
1306 2470 1619 2539 inistenssemir'a'nie

384 2551 437 2610 vel
451 2552 555 2625 ludoe,
570 2552 602 2613 ni
621 2553 701 2617 ratio
718 2552 813 2614 altera
826 2553 902 2614 certi
911 2570 984 2615 oon·
1019 2566 1086 2610 cum
1114 2548 1263 2610 crescente
1290 2552 1377 2622 luna,
1407 2552 1437 2611 d.
1469 2568 1621 2617 cornuco-

383 2628 443 2705 ¹liet
464 2632 554 2699 idoli,
1017 2631 1108 2705 piae,
1136 2630 1381 2693 sacroslolium.
1409 2649 1444 2693 ιι.
1471 2634 1621 2698 Ascolinl·

1022 2724 1131 2771 tarum.

386 2780 392 2797 '
430 2788 564 2853 Deerarr
593 2794 769 2874 cognomina.
811 2792 912 2859 Confi.
928 2792 989 2857 lul.

385 2866 492 2936 derel.
512 2869 712 2954 lejeignlensts
727 2874 854 2936 diatribc
878 2875 916 2939 de
932 2892 988 2937 eo-
1060 2884 1238 2934 ammaim:
1253 2871 1439 2951 mmdbame
1449 2890 1573 2943 mmm.
1588 2896 1621 2945 a·

385 2954 579 3031 ‘nominibus
596 2956 895 3033 deorumgentilium.
917 2956 989 3018 rra-
1023 2950 1182 3015 Cbiorum.
1607 2998 1609 3003 .

385 3050 426 3103 lle
450 3078 460 3097 ·
480 3041 511 3103 8·
1559 3102 1563 3111 ,

429 3052 449 3115 q
1061 3112 1185 3179 DERT.
1207 3112 1272 3175 vid.
1294 3107 1427 3191 Dertosa
1446 3114 1621 3193 Hispania

431 3196 564 3261 Deorum
592 3198 749 3277 gentilium
778 3196 989 3282 adpellatierrer
1028 3190 1208 3257 Vnilluatiar
1233 3194 1305 3257 Col.
1333 3196 1357 3260 Ι.
1385 3214 1417 3271 p.
1435 3212 1484 3271 ῃ.
1508 3198 1553 3262 Μ.
1577 3200 1621 3261 ll.

385 3274 419 3339 in
442 3262 541 3339 numia
566 3278 794 3342 christianorum
821 3284 987 3355 imperato·
1020 3276 1070 3335 vel
1093 3272 1200 3335 MVN.
1220 3277 1297 3343 lllBe
1320 3290 1351 3335 et
1373 3294 1441 3337 cum
1461 3278 1541 3339 lVL.
1567 3297 1621 3341 co·

384 3372 472 3432 rum,
493 3359 855 3432 constmdninimienm,
876 3360 984 3421 etCri-
1019 3371 1203 3433 gnomento,
1223 3358 1273 3417 vel
1287 3355 1365 3417 MV.
1382 3358 1421 3418 ll.
1443 3358 1467 3419 1.
1481 3360 1621 3423 lLLER·

384 3438 431 3513 spi
442 3442 507 3499 eiua
524 3438 589 3497 srlii.
611 3440 679 3500 vicl.
693 3440 783 3502 10v1
805 3440 986 3503 CONSER·
1020 3436 1213 3497 Gnvorun
1234 3436 1360 3498 DERT.
1375 3439 1523 3513 explicat:
1546 3440 1621 3501 Me·

384 3516 566 3579 VATORI.
581 3548 624 3563 -
643 3520 783 3580 MARTl
803 3521 985 3581 CONSER·
1019 3517 1156 3599 tricipitem
1182 3516 1295 3577 Hiber-a
1323 3518 1398 3579 lulla
1422 3517 1621 3601 illergnuoreie

384 3596 563 3661 VATORI.
595 3625 642 3645 -·
685 3601 777 3663 soll
803 3600 983 3663 1Nv1cT0
1023 3594 1276 3673 Derlnfiarrorum,
1306 3599 1483 3661 cataloniae
1511 3600 1621 3661 Terde-

381 3678 554 3747 comm.
579 3674 733 3763 Spaniam.
753 3680 855 3751 Pau.
871 3698 943 3761 414.
1011 3672 1060 3753 fir.
1103 3680 1186 3740 ldem
1214 3677 1390 3739 Vcilluneiur
1410 3682 1526 3743 litterar
1543 3682 1621 3745 c.1.

1019 3759 1058 3819 Λ.
1072 3757 1113 3819 D.
1138 3759 1168 3819 in
1189 3762 1286 3822 numis
1299 3762 1422 3837 Augusti
1449 3776 1480 3823 et
1502 3762 1621 3825 Tiberii

428 3836 561 3901 Deorum
579 3858 727 3903 eamme.
746 3842 840 3905 Cons.
854 3837 896 3904 lo.
910 3841 980 3905 Gen.
1019 3840 1248 3913 interpretatur:
1274 3839 1393 3902 Colania
1418 3840 1495 3903 iulia
1520 3846 1621 3925 Aege·

385 3916 484 3985 Wilh.
519 3918 658 3985 Kneblere'
679 3926 780 3987 oratio
814 3928 851 3984 de
877 3925 983 3998 causis,
1012 3916 1062 3996 stu
1083 3916 1213 3995 Dermsu
1234 3922 1393 3997 Hispaniae
1408 3924 1621 3987 Tamaconea·

383 4020 438 4065 cur
462 4014 563 4065 tantus
598 3996 678 4083 apsud
703 4020 823 4066 veteres
858 4006 985 4067 deorum
1021 4000 1078 4071 srs;
1105 4000 1278 4061 Haeduinus
1300 4020 1374 4063 vero
1399 4005 1493 4078 Oper.
1517 4022 1548 4081 p.
1568 4020 1621 4083 49.

381 4098 526 4148 numerua
540 4088 718 4159 reperiamur.
738 4088 827 4148 lenae
844 4100 932 4161 1770.
954 4107 985 4166 4,
1027 4079 1179 4141 Dertonae
1191 4084 1352 4159 Liguriae,
1370 4087 1420 4145 uel
1440 4086 1546 4147 ltaliae
1569 4086 1621 4147 Li-

1021 4162 1149 4239 gusticae
1164 4166 1290 4237 tribuit,
1312 4166 1348 4225 ad
1366 4166 1451 4227 cuiue
1464 4182 1541 4228 vero
1557 4166 1621 4229 sen·

427 4240 561 4305 Deorum
593 4244 747 4309 Fratrum.
787 4264 820 4311 v.
862 4262 986 4309 annu
1020 4244 1142 4304 tentiam
1168 4259 1270 4305 monce
1293 4242 1476 4307 Vaillaere'es
1499 4246 1573 4309 Col.
1594 4248 1621 4319 l.

384 4338 561 4387 adanonu.
588 4343 619 4386 n,
641 4328 712 4389 Deli
728 4327 850 4391 insulae.
896 4326 984 4391 Gale.
1019 4340 1049 4397 p.
1070 4340 1120 4403 74.
1161 4325 1306 4397 „Nomos
1338 4327 1557 4401 Imperatorum
1588 4330 1619 4391 in

385 4408 495 4469 Graec.
514 4404 571 4467 Ins.
586 4408 648 4470 Tb.
666 4414 713 4473 18.
735 4410 778 4487 fg.
799 4425 828 4485 3.
1020 4404 1126 4464 ltaliae
1144 4406 1273 4466 coloniis
1292 4407 1424 4483 ignotos
1449 4410 1501 4469 vix
1526 4427 1561 4471 ac
1581 4426 1621 4473 ne

1020 4485 1072 4544 vix
1088 4486 1206 4561 quidem
1225 4489 1369 4561 reperiri,
1392 4490 1475 4564 quod
1490 4491 1534 4553 cis
1553 4507 1621 4565 moy

423 4566 479 4629 DE
499 4565 690 4631 PARTlllS.
722 4586 752 4631 ιι.
774 4568 899 4647 bugum
919 4570 984 4635 uid.
1020 4580 1106 4625 natac
1124 4568 1275 4629 cudendae
1302 4570 1430 4629 facultas
1454 4587 1525 4631 raro
1546 4570 1619 4633 ποῦ’

387 4644 454 4711 DE
472 4645 667 4725 praepofitio.
1020 4646 1096 4706 celsa
1117 4648 1274 4719 videatur,
1311 4666 1416 4710 contra
1444 4651 1617 4729 frequenter

924 4788 927 4795 ,
1020 4727 1179 4801 Hispaniae
1206 4730 1393 4791 coloniarum
1417 4746 1526 4793 numos
1551 4746 1618 4793 cum

422 4826 490 4871 aur.
530 4810 674 4881 nepem-ie,
719 4806 923 4870 Derbenorurrr
954 4810 985 4870 in
1019 4806 1143 4883 Augusti
1161 4822 1192 4867 ct
1202 4810 1319 4870 Tiberii
1338 4812 1434 4887 effigie
1444 4828 1617 4885 occurrere,

384 4890 551 4968 Lycaonia.
592 4889 729 4966 Lysiram
749 4906 780 4951 et
795 4892 917 4951 Derben
942 4891 985 4950 ci·
1022 4902 1184 4966 eorumque
1212 4892 1339 4953 sormam
1366 4892 1470 4953 rudem
1501 4892 1532 4952 in
1559 4892 1617 4953 boe

384 4977 493 5035 uitales
507 4972 678 5051 Lycaoniae
693 4986 911 5035 commemorat
925 4970 987 5033 Lu·
1021 4968 1086 5044 ipso
1119 4986 1211 5033 numo
1243 4970 1434 5049 deprehendi.
1472 4974 1621 5111 SedHner'

1424 5104 1430 5119 .
1569 5070 1615 5113 ee·
