3775 5734
283 514 314 601 τ,
525 486 747 587 m·
1155 500 1217 580 au
1407 470 1600 601 570'

282 704 287 719 ·
308 684 464 762 pleraque
480 683 667 762 sequentium
687 682 849 747 Caesarum
882 685 975 747 titulo
1001 700 1019 745 a
1037 683 1227 761 Syracusanis
1252 686 1409 761 colebatur
1416 686 1431 758 ‚'
1450 698 1482 749 et

282 767 438 827 mismata.
881 766 965 827 hunc
982 767 1086 825 retulit
1102 782 1233 826 numum.
1281 763 1484 835 Tam-emam

884 846 908 907 l.
932 864 961 907 c.
996 846 1071 907 nihil
1099 847 1174 907 certi
1203 847 1241 906 de
1271 848 1381 909 litteris
1416 846 1479 910 iltis
1572 916 1574 921 ,

282 926 421 1009 Elegia,
462 927 598 1001 'eumq
637 924 782 1008 Stephano
820 937 852 986 et
885 928 998 989 statuit.

282 1005 381 1086 illem
398 1027 428 1084 p.
443 1024 509 1071 rto.
522 1012 595 1069 vrbs
605 1008 763 1069 Armeniae
770 1020 852 1067 trane

282 1089 450 1165 phratem.
481 1118 524 1132 -
567 1089 700 1165 Elegiam
718 1088 755 1146 ad
773 1088 850 1146 Tra·
921 1084 1020 1150 ἐλεόν.
1038 1105 1070 1149 v.
1095 1084 1203 1147 Heleon
1216 1086 1372 1151 Boeotiae.
1414 1088 1483 1152 Cel·

282 1188 348 1233 tum
380 1170 469 1229 venit
501 1168 622 1243 supplex
654 1185 711 1243 pro
752 1168 851 1226 diade·
884 1166 943 1229 lor.
965 1168 1040 1234 Not.
1061 1168 1136 1229 Orb.
1157 1171 1230 1233 Ant.
1248 1171 1273 1233 l.
1295 1188 1328 1245 p.
1350 1185 1422 1250 919.

282 1264 323 1313 tte
360 1248 590 1311 Parthamassria
623 1248 730 1309 Pacori
757 1247 852 1319 lilius,
904 1308 908 1315 ,
1295 1282 1297 1290 ·

282 1349 335 1393 em
366 1344 496 1406 patruus
519 1327 688 1402 Cosrlroes‚
726 1327 852 1387 Partho·
928 1324 1053 1411 Elephas
1069 1330 1099 1389 in
1116 1331 1300 1393 Graecorum
1319 1348 1355 1392 ac
1370 1332 1486 1396 Roma·

282 1430 310 1473 m
335 1430 418 1483 rex,
439 1410 599 1470 Armeniae
625 1426 726 1486 regem
754 1409 851 1467 nomi·
886 1427 992 1471 norum
1018 1411 1115 1470 numia
1133 1412 1253 1472 obuius.
1295 1412 1390 1473 Cons.
1412 1405 1484 1487 Ges-

282 1506 386 1555 uerat.
434 1488 523 1551 Valli.
544 1490 594 1550 Pr.
612 1490 651 1549 lt
674 1507 702 1563 p.
726 1503 793 1561 aaa.
815 1487 853 1547 ad
885 1489 964 1551 lere.
997 1487 1106 1584 cepere·
1132 1492 1169 1550 de
1189 1492 1356 1567 elephantie
1377 1493 1408 1553 in
1426 1510 1486 1555 nu·

281 1572 302 1635 l.
327 1572 460 1635 Traiani
485 1574 516 1635 S.
542 1570 575 1630 P.
604 1569 649 1646 Q.
676 1571 716 1630 R.
740 1567 854 1628 OPTl·
887 1573 943 1631 mie
982 1572 1081 1632 obuiis
1124 1574 1352 1633 exercitationes
1396 1574 1482 1634 duae.

281 1656 311 1717 0
345 1652 533 1715 PRINClPl
566 1650 748 1725 inscriptum.
797 1649 852 1710 lm·
887 1653 992 1728 Hagae
1013 1650 1103 1713 Com.
1132 1666 1221 1729 1719.
1249 1667 1280 1713 et
1296 1654 1389 1714 Thes.
1416 1650 1486 1715 set-

281 1750 374 1797 ratur
390 1734 551 1809 paludatus
569 1732 693 1797 sedens,
713 1734 762 1791 cui
780 1731 852 1805 figu-
887 1731 983 1813 lengr.
1001 1732 1093 1793 Tom.
1112 1730 1167 1793 lll.
1190 1749 1246 1807 p.1
1265 1734 1350 1875 sqq?
1374 1729 1484 1816 Spaeb.

294 1815 441 1877 militarie
463 1813 628 1889 supplicem
645 1812 768 1875 exhibet
783 1811 854 1873 Paa-
886 1813 937 1874 Pr.
960 1812 986 1873 1.
1007 1828 1039 1888 p.
1067 1824 1123 1888 179
1144 1812 1208 1891 sqq.
1239 1844 1278 1861 -
1332 1828 1403 1875 uara
1418 1813 1485 1874 llll-

281 1888 446 1959 hmahrim.
886 1895 986 1953 eiam:
1006 1892 1195 1968 „Maximum
1212 1888 1488 1977 (dnlmtlJeslel'e-

886 1973 984 2049 phar,-
1002 1974 1230 2051 proximumque
1247 1974 1385 2036 humanit
1396 1972 1488 2035 senfi-

281 2058 409 2124 .‘a›1m·e
433 2056 465 2115 in
482 2055 639 2131 Aegypto.
682 2047 855 2129 Euflrelias
887 2056 965 2121 bus‘,
987 2054 1098 2131 qulppe
1115 2054 1283 2139 intelledtua
1300 2054 1362 2117 illie
1375 2054 1486 2117 immo·

281 2138 297 2201 l
316 2135 499 2213 Dionpliam
522 2151 554 2209 p.
576 2150 608 2209 9.
635 2134 709 2193 facit
729 2132 852 2191 insulam
885 2134 933 2195 iaie
951 2133 1060 2209 patrii,
1082 2145 1113 2193 et
1129 2134 1324 2209 imperiomm
1342 2134 1488 2197 obedien·

281 2222 336 2281 lrea
352 2218 524 2286 canebam,
545 2231 621 2291 qaae
639 2227 669 2273 ee
688 2210 854 2273 Helenedi·
886 2216 930 2275 tia
962 2214 1211 2291 officiommque,
1248 2230 1324 2292 quae
1354 2216 1488 2277 didicere

280 2302 317 2363 h.
353 2297 478 2359 Genule
493 2308 590 2355 atatem
608 2295 707 2355 forma
721 2291 854 2368 regionis
887 2296 1052 2368 memoria,
1079 2296 1190 2356 amorio
1213 2309 1245 2356 et
1265 2295 1381 2372 gloriae
1396 2296 1489 2357 volu-

280 2380 408 2451 omine,
425 2374 512 2437 vt'stt
524 2376 667 2447 ‘amiam
689 2374 772 2449 quod
787 2388 855 2447 per·
888 2388 976 2449 pem
996 2376 1089 2437 immo
1114 2392 1214 2449 vero,
1245 2392 1321 2453 quae
1345 2376 1434 2437 etiam
1453 2376 1487 2437 ln

280 2478 361 2523 teram
382 2460 461 2519 inter
487 2450 598 2516 insula'e
615 2456 735 2517 Atticae
754 2453 855 2520 ‘enlm
888 2457 1011 2519 homine
1033 2472 1120 2531 rara,
1140 2456 1296 2533 probitas,
1316 2456 1490 2535 prudentie,
1603 2482 1607 2497 ·

280 2536 546 2683 pagliabrecenseri
559 2536 694 2600 videtur.
723 2529 852 2610 Holstem
891 2538 1038 2621 aequitat.

280 2636 304 2683 fl
350 2638 364 2679 θ
402 2637 451 2678 lm·
478 2634 511 2693 p.
531 2633 600 2681 ΠΟ·
1141 2638 1143 2653 '

362 2636 382 2705 Ρ
424 2698 432 2703 “
933 2697 1144 2782 Elepleeelles
1179 2699 1223 2761 vll
1252 2700 1358 2781 syriae
1385 2692 1489 2781 r'eger,

309 2782 395 2854 'weng
416 2777 525 2840 Helene
538 2778 642 2840 Attica
657 2775 762 2839 insula.
785 2774 858 2837 Pat-
890 2783 972 2842 vnde
995 2782 1117 2855 elephas
1147 2783 1239 2842 modo
1261 2784 1360 2857 liano,
1393 2784 1488 2845 modo
1562 2848 1565 2853 ,

280 2856 377 2941 hivae.
400 2864 431 2923 in
451 2860 564 2921 Atticis
588 2876 615 2934 p·
645 2860 695 2933 65.
737 2860 858 2919 Gentile
892 2876 960 2922 curn
984 2862 1110 2934 sessore,
1140 2863 1251 2936 pariter
1273 2881 1308 2924 ac
1326 2866 1490 2941 quadrigae
1556 2860 1559 2867 '

280 2938 387 3012 baim
416 2941 537 3003 videtur
567 2939 669 3013 potius
697 2940 858 2999 conuenire
892 2943 1081 3015 elephantum
1097 2945 1128 3002 in
1139 2944 1358 3005 Seleucidarum
1375 2946 1491 3019 nuntie,

280 3018 409 3099 iperiori
439 3021 574 3099 Aegypti
605 3021 687 3081 loco.
734 3019 859 3095 Legitur
891 3023 1009 3083 Seleuci
1027 3039 1133 3096 nempe
1149 3023 1173 3083 l.
1191 3024 1373 3084 etAntiochi
1388 3026 1413 3085 l.
1433 3027 1492 3087 So·

279 3098 312 3163 h
331 3106 440 3165 duobus
466 3098 566 3163 Golzie'
582 3101 726 3161 Graeciae
746 3100 859 3159 veteris
893 3103 966 3162 teris
988 3118 1156 3163 cernuntur.
1199 3104 1248 3162 Ob
1273 3105 1417 3181 singulare
1434 3107 1491 3165 Se..

279 3186 591 3249 uiaia'anenirnu.
639 3182 726 3240 lianc
767 3180 859 3253 ipsam
893 3184 973 3243 leuci
990 3184 1014 3245 l.
1036 3184 1066 3243 in
1085 3184 1198 3243 alendis
1215 3184 1492 3257 elephantibuastu·

279 3254 389 3327 Ullam
413 3264 517 3340 priscis
537 3262 723 3335 temporibus
748 3272 860 3332 tapetem
893 3264 975 3323 dium
993 3269 1199 3335 impensam.
1227 3263 1408 3347 elephantum
1429 3282 1492 3325 me·

280 3344 443 3419 “pellatam
471 3344 528 3404 elle
558 3339 665 3401 Strabo
692 3340 733 3400 eli
758 3342 859 3401 aurion
890 3340 1000 3425 gisler,
1040 3361 1094 3419 per
1122 3345 1282 3405 ludibrium
1310 3347 1405 3407 ditius
1437 3346 1491 3410 est.

279 3416 375 3501 {lx
395 3440 481 3504 atque
498 3424 574 3485 haec
593 3423 711 3499 gemina
728 3423 861 3496 adpella·
892 3427 1032 3503 Signatus
1057 3439 1155 3486 autem
1180 3427 1208 3487 in
1224 3426 1368 3487 Antiochi
1387 3427 1412 3491 l.
1434 3428 1493 3488 So·

287 3500 331 3579 to.
347 3524 434 3571 numo
461 3504 649 3581 designatur:
681 3517 859 3565 ananthon
893 3508 966 3567 reris
992 3507 1213 3567 numismatibus
1243 3506 1386 3581 elephas,
1407 3508 1492 3584 quod

281 3570 346 3653 fian
365 3602 420 3647 tat
446 3599 676 3656 neanaannu,
707 3580 859 3643 Heleniea·
896 3604 963 3648 cum
982 3588 1012 3648 in
1030 3588 1148 3662 proelio
1169 3601 1274 3648 contra
1293 3590 1415 3648 Galatas
1435 3590 1491 3649 mi-

279 3666 358 3745 ᾔ,
426 3669 492 3726 iet
524 3664 714 3739 Cranearoe,
750 3663 863 3725 insulae
896 3668 981 3728 litum
1005 3686 1128 3728 numero
1152 3681 1181 3727 et
1204 3686 1354 3729 armorum
1381 3686 1491 3745 genere

279 3778 282 3783 ·
334 3748 366 3765 '⁶
410 3750 497 3809 ‘toria
536 3747 663 3808 incolae.
719 3742 860 3805 Froelich.
894 3750 933 3809 iis
949 3748 1017 3809 esset
1033 3750 1123 3826 longe
1137 3750 1285 3823 inferior,
1307 3751 1369 3809 sola
1386 3750 1491 3810 deoem

362 3830 455 3895 Elem,
465 3848 498 3906 p,
511 3827 576 3903 82.)
599 3824 750 3890 Hardein.
765 3828 859 3903 Oper.
894 3830 1104 3904 elephantum,
1127 3847 1204 3905 quos
1227 3830 1324 3891 secum
1342 3831 1372 3889 in
1398 3831 1494 3891 aciem

279 3914 375 3989 152.
897 3912 1083 3982 adduxerat,
1103 3927 1214 3985 opera,
1235 3913 1272 3970 de
1298 3911 1434 3983 Galatia,
1456 3912 1494 3972 ad

287 3994 320 4041 ἱ·
896 4008 1009 4053 nouum
1026 3992 1110 4051 illum
1125 3992 1290 4053 belluarum
1306 3991 1496 4065 conspectum

297 4086 424 4151 inauli
443 4086 640 4146 analeum,
671 4068 777 4131 Helene
806 4065 864 4127 Re·
897 4072 1011 4148 ingenti
1034 4086 1150 4135 terrore
1177 4072 1336 4145 perculsis,
1366 4073 1497 4145 vitioria

293 4148 345 4302 Γ
375 4155 492 4232 eiusque
508 4168 599 4231 caput
618 4153 738 4227 pectore
764 4166 861 4213 tenua.
897 4153 932 4212 srt
955 4153 1080 4226 potitus.
1124 4151 1231 4226 Heym.
1259 4154 1319 4213 Th.
1343 4155 1394 4213 Br.
1415 4184 1439 4213 t·
1461 4170 1492 4227 p.

311 4276 320 4299 .
377 4238 465 4302 reela.
901 4234 971 4314 37.)
1009 4230 1147 4293 Froelirh.
1162 4236 1270 4295 Annal.
1287 4232 1374 4310 Syr.)
1405 4232 1495 4295 Veiis.

297 4342 306 4377 l

899 4315 1047 4375 Seleucid.
1076 4313 1150 4374 llill.
1183 4344 1225 4358 -
1265 4316 1382 4375 Sieilea
1412 4314 1495 4375 miani

278 4438 284 4453 .
319 4404 411 4459 lacot
443 4397 620 4470 adscriptum
645 4392 758 4471 legltur
781 4394 865 4455 Iouis
899 4398 936 4456 ab
954 4394 1186 4468 Apamenslma,
1208 4394 1381 4468 elephantes
1396 4388 1497 4455 aliso-

293 4474 364 4549 ΝΗ
382 4478 412 4539 in
435 4477 687 4555 Syracusanorum
711 4492 796 4551 aere,
829 4474 865 4533 de
899 4474 1207 4547 litis‚s1mtcusr.·-
1246 4477 1359 4537 Pariter
1375 4476 1498 4549 clepltae

294 4554 381 4629 Flu·
406 4573 502 4637 autern
523 4558 632 4617 litteris
655 4574 691 4615 ex
723 4556 867 4615 sententia
899 4558 930 4616 in
947 4575 975 4616 n.
997 4557 1158 4616 Alexandri
1174 4558 1196 4618 l.
1220 4559 1324 4633 Syriae
1339 4558 1419 4633 regis
1434 4556 1499 4617 sua·

320 4634 327 4649 ⁸
360 4638 414 4713 'pir
442 4639 655 4701 Torreeeuaeae
682 4638 766 4696 Siril.
792 4636 863 4696 Vet.
900 4641 973 4707 det,
1010 4655 1130 4698 numum
1166 4641 1203 4697 ab
1228 4640 1361 4712 Apamea
1390 4638 1496 4711 Syriae

357 4762 366 4779 .
385 4720 443 4782 Tb.
461 4728 511 4787 81.
530 4738 559 4793 p.
573 4728 622 4783 llo.
641 4735 701 4776 uon
719 4717 866 4777 benesen·
899 4716 983 4779 suille
1001 4718 1109 4779 culum.
1137 4718 1169 4777 ln
1188 4720 1357 4779 autonomis
1369 4718 1498 4776 eiusdem

293 4788 512 4883 fllHauerenenp.
547 4802 606 4860 lias
621 4799 781 4857 enimcum
799 4799 865 4858 aliia
900 4805 1051 4872 Apennene
1089 4800 1212 4877 elephas
1250 4801 1326 4859 statis
1363 4797 1497 4871 lingitur.

294 4886 416 4943 name.
440 4900 457 4941 e
481 4884 533 4943 lito
550 4897 629 4953 penu
656 4881 866 4951 commutauit,
904 4879 1012 4939 l'eller.
1026 4882 1087 4939 Tb.
1102 4894 1151 4956 ῖς.
1169 4883 1212 4958 l'g.
1231 4876 1304 4959 aa)
1345 4878 1392 4939 M.
1413 4875 1501 4936 Hare-

284 4950 400 5043 'stoque
413 4964 451 5024 ad
470 4962 593 5033 Iouem,
613 4960 664 5037 qui
684 4957 867 5022 liberatoris
899 4976 962 5034 rer,
984 4978 1014 5037 p.
1035 4974 1081 5037 35.
1432 5039 1472 5104 H

1471 5059 1501 5100 c·
