3775 5734
386 542 461 624 837
550 488 730 623 Ι.1Α’
990 516 993 521 ’
1225 468 1349 603 ¹'F'A

382 711 422 771 ri.
452 704 548 769 Band'.
572 707 606 767 ll.
629 724 659 780 p.
678 722 727 781 92.
768 700 884 767 Eck'bel.
907 702 979 771 Cat.
1012 707 1134 768 fortuna
1149 704 1227 785 gesta
1242 716 1399 767 enumerat
1410 702 1533 779 Bittius,¹
1543 710 1602 769 dum

383 792 417 853 ll.
441 807 472 863 p.
489 790 560 866 44⁶·
579 818 620 831 -
658 788 694 847 it.
714 787 977 848 Gal.Maximinni.
1014 789 1140 863 denique
1158 787 1400 859 succumberent,
1409 788 1463 847 sed
1478 790 1514 847 ad
1523 806 1600 865 quant

386 866 504 935 Ecibel.
526 870 567 929 ib.
592 884 622 942 p.
640 881 717 947 451:
779 872 786 881 ’
1013 870 1169 927 victoriam
1187 869 1307 927 adludat
1328 884 1440 943 typus,
1472 870 1533 929 erui
1558 886 1601 929 ne·

1014 950 1088 1025 quit.
1131 949 1203 1011 Rari
1221 949 1250 1007 in
1268 964 1306 1009 eo
1322 948 1422 1007 naeu
1435 951 1517 1009 nttmi
1531 950 1602 1025 igno

425 1028 667 1090 FAELlClTAS
690 1026 709 1104 (
720 1027 766 1106 at)
790 1024 977 1088 SAECVLI.
1014 1027 1115 1088 incuso
1137 1028 1245 1099 notati,
1268 1028 1318 1087 sed
1334 1028 1412 1087 istud
1433 1030 1599 1089 saaladiiliit·

383 1111 491 1189 Figura
508 1110 604 1176 stans,
628 1109 646 1166 d
676 1110 853 1179 caduceum,
875 1109 895 1166 s.
911 1124 980 1166 cor·
1014 1110 1064 1185 gui
1083 1126 1143 1168 non
1167 1106 1285 1183 potest3
1315 1108 1426 1169 alitum
1446 1112 1558 1169 videtur
1576 1122 1602 1171 et

382 1192 539 1263 nucopiae.
559 1190 609 1249 AE.
632 1188 858 1248 TraianiDecii.
882 1184 979 1255 Bauli.
1014 1206 1133 1263 proram
1153 1189 1237 1247 natus
1254 1190 1382 1248 referre.
1414 1218 1460 1235 -
1500 1208 1528 1251 a.
1549 1190 1599 1249 Ca-

383 1272 460 1346 ap.
478 1272 546 1346 27.)
588 1265 677 1329 Mdb.
701 1280 770 1343 352.
1014 1284 1068 1343 put
1106 1269 1188 1328 louis
1228 1268 1408 1329 laureatum.
1458 1268 1499 1351 )(
1543 1270 1594 1329 FA

1014 1350 1124 1425 Aquila
1149 1350 1312 1423 serpentem
1345 1350 1501 1425 unguibus
1529 1350 1598 1409 Atin-

423 1430 583 1501 Faesulae,
609 1429 639 1489 in
660 1428 766 1493 italia,
788 1444 867 1489 nunc
885 1444 979 1503 pagus
1013 1447 1107 1504 gene,
1137 1428 1167 1488 in
1193 1445 1262 1488 area
1287 1429 1425 1501 sulmen,
1454 1430 1556 1489 solium
1573 1444 1597 1488 ta

388 1504 505 1586 Fiefirli,
525 1512 561 1568 ad
588 1510 736 1581 Apennini
754 1508 870 1568 radices
895 1508 977 1578 situs,
1013 1508 1076 1568 lll’.
1102 1508 1141 1570 nl
1166 1526 1191 1568 r.
1213 1505 1328 1569 Ecllu.
1343 1510 1501 1587 ΜΗ.)
1522 1506 1596 1569 6012.

384 1594 458 1653 olim
483 1591 624 1661 oppidum
650 1608 709 1648 non
738 1589 908 1659 incelebre,
940 1590 976 1646 de
1011 1590 1116 1665 Magn.
1135 1590 1241 1651 Graec.
1271 1590 1332 1649 Tb.
1363 1602 1412 1665 35.
1434 1592 1477 1667 sg.
1501 1597 1527 1656 8.
1553 1606 1596 1649 nu·

384 1690 446 1747 qtro
468 1668 580 1729 cellar.
608 1672 683 1729 Not.
710 1669 785 1729 Orb.
806 1670 878 1749 Ant.
899 1668 924 1729 Ι.
946 1686 980 1743 ρ.
1013 1688 1091 1731 mum
1122 1671 1186 1729 sete
1216 1669 1338 1728 stmilem
1370 1670 1527 1749 uulgauit,
1556 1668 1594 1729 sel

383 1766 455 1827 572.
476 1782 517 1797 -·
555 1752 587 1809 ln
606 1752 645 1809 AE
660 1768 690 1813 2.
709 1765 819 1808 numo:
841 1748 903 1807 FAl
929 1749 978 1807 iit·
1013 1752 1120 1811 omiffia
1144 1751 1174 1809 in
1198 1766 1264 1808 area
1284 1750 1337 1809 lll'
1357 1750 1481 1817 litteris.
1522 1752 1597 1813 luno·

384 1832 458 1890 teris
475 1830 617 1890 Etruscis.
652 1830 751 1902 Caput
768 1830 907 1889 Herculis
923 1831 978 1886 im·
1012 1850 1078 1891 netn
1094 1833 1248 1890 tutelarem
1260 1830 1345 1889 fuisse
1356 1830 1491 1891 Faleriae
1512 1833 1598 1901 dean,

383 1912 488 1981 berne.
510 1912 625 1970 exuuiis
643 1909 740 1969 leonis
757 1908 880 1973 testum,
899 1926 978 1981 pone
1012 1912 1090 1971 inter
1110 1928 1214 1971 ornnes
1243 1910 1369 1969 constat.
1414 1912 1489 1971 Eius
1514 1914 1597 1971 culntt·
1620 1958 1621 1979 2

382 1990 551 2065 delphinus.
593 1987 633 2069 )(
673 1990 823 2059 Tridens,
855 1988 931 2047 hine
948 2002 978 2048 et
1014 1994 1049 2051 ab
1066 1990 1175 2051 Haleso
1194 1990 1309 2067 Argiuo
1327 1992 1413 2051 vrbis
1437 1994 1591 2059 conditore.

382 2072 453 2133 inde
472 2069 650 2143 delphinus,
681 2071 788 2128 atlett
824 2070 976 2144 globulus.
1011 2088 1028 2131 a
1055 2088 1115 2151 quo
1142 2067 1273 2147 Halcfi't',
1310 2072 1379 2131 dein
1409 2071 1514 2149 Fnltjt'i
1539 2070 1593 2131 diali

381 2150 428 2209 M.
446 2148 574 2208 Hunter.
593 2152 714 2221 'suem
732 2150 977 2224 sg.15.etCons,
1011 2153 1093 2213 iuxta
1114 2148 1263 2233 Spunhem.
1282 2150 1332 2209 Pr.
1354 2152 1378 2210 l.
1403 2170 1435 2227 p.
1460 2168 1525 2227 107.
1537 2158 1595 2217 roi.

380 2230 617 2297 PhilTrnnl'aet
654 2231 722 2291 Vol.
746 2226 829 2291 LIV.
850 2246 880 2304 p.
909 2246 978 2293 101.
1010 2230 1325 2296 huetransiatuaeil,
1356 2245 1388 2291 et
1412 2234 1534 2309 copiose
1552 2234 1593 2291 de·

304 2374 314 2386 ,
1009 2314 1147 2374 scribitur
1173 2316 1210 2372 ab
1236 2308 1346 2370 Ouidio
1370 2312 1480 2377 Artior.
1509 2314 1539 2373 1.
1558 2312 1591 2371 ll.
1620 2366 1621 2379 ,

421 2391 500 2455 FAI.
521 2390 587 2451 uid.
608 2383 758 2465 Fuefitlue.
1010 2394 1296 2469 eleg.13.intepra.
1341 2392 1424 2455 ilinc
1444 2397 1482 2455 ab
1504 2394 1621 2453 eodem.

1009 2471 1155 2538 sathl,
1184 2472 1224 2537 vs
1246 2488 1295 2550 49.
1339 2473 1449 2535 Falisci
1474 2476 1594 2539 dicuntur
1620 2526 1621 2533 ,

429 2548 568 2611 Fuit-ntus
586 2568 702 2621 narras.
723 2568 754 2612 v.
776 2549 891 2613 Currus
906 2546 976 2611 Ful·
1011 2552 1201 2626 Iunonicolnt,
1223 2568 1254 2613 et
1268 2554 1362 2614 serim
1374 2556 1456 2615 telle
1472 2554 1594 2617 loomin

383 2647 482 2693 antus.
1012 2636 1049 2694 de
1066 2634 1166 2694 colon.
1184 2636 1285 2695 eadem
1297 2638 1375 2695 urbs
1393 2636 1474 2696 dieta
1492 2634 1621 2701 Colania*

403 2711 407 2721 '
1013 2713 1141 2774 Iunonia.
1184 2716 1326 2774 Attamen
1353 2716 1382 2775 in
1404 2714 1502 2777 numia
1519 2716 1594 2777 luno·

419 2808 596 2869 renarrant,
614 2784 804 2867 Faltscoratm,
825 2791 976 2865 vbirpro
1012 2798 1057 2855 nis
1082 2792 1196 2865 rarius,
1225 2795 1307 2853 louis
1335 2797 1437 2857 cultus
1464 2810 1594 2871 per-petto

379 2886 403 2933 a
420 2874 590 2947 usurpatum
610 2874 681 2935 loco
699 2884 817 2946 poam.
839 2874 901 2934 vid.
917 2870 975 2934 Fu·
1008 2876 1166 2941 indicatur.
1195 2874 1273 2935 Nam
1289 2875 1367 2935 inter
1384 2878 1509 2951 copiosa
1522 2878 1594 2937 nou

379 2950 515 3033 sistorum
533 2954 628 3017 numi.
1008 2958 1092 3016 vrbie
1111 2955 1283 3016 numismata
1294 2956 1343 3015 vix
1357 2974 1451 3017 vnum
1465 2958 1594 3033 reperiar.

1006 3038 1037 3096 in
1066 3053 1127 3113 quo
1150 3053 1210 3097 non
1235 3049 1287 3095 aut
1306 3036 1392 3097 iouia
1415 3054 1529 3113 caput,
1555 3050 1593 3095 aut

424 3113 554 3191 Fnlerin,
571 3116 621 3175 vel
635 3113 746 3176 solerii
761 3118 872 3177 nobilis
884 3118 972 3178 Etru·
1007 3134 1082 3193 quae
1102 3116 1139 3175 ad
1156 3124 1254 3177 {ouem
1273 3117 1461 3189 reseruntur,
1483 3120 1592 3191 fulmen.

379 3198 442 3258 riae
461 3200 531 3259 vrbs
554 3199 590 3257 ad
606 3199 762 3270 Tiberim,
783 3201 866 3258 euius
888 3201 974 3258 inco·
1008 3198 1143 3275 aquilaue
1158 3212 1375 3271 proponantur.
1421 3198 1535 3259 Vnicua
1550 3200 1596 3255 in-

378 3279 425 3338 lae
442 3292 492 3339 aut
508 3279 654 3352 pupulus,
675 3296 751 3354 quos
771 3297 840 3355 ager
859 3278 972 3338 illeho-
1007 3278 1102 3352 presso
1138 3280 1167 3337 i'n
1204 3277 1306 3336 auetl'n
1334 3280 1459 3351 tripode
1488 3280 1593 3339 habitet
1620 3310 1621 3353 n

380 3361 464 3425 buit,
491 3354 598 3433 litlisci
615 3360 684 3417 dieti
702 3358 776 3419 l'unt.
819 3359 901 3418 Male
916 3360 972 3435 igi·
1007 3359 1147 3433 Apollini
1163 3375 1178 3417 a
1196 3358 1317 3418 Faliscis
1336 3356 1474 3419 honores
1499 3358 1596 3421 conlit-

379 3452 429 3499 tur
449 3436 555 3500 Seruio
573 3439 605 3499 t.
629 3437 666 3501 V.
691 3456 720 3512 p.
742 3440 808 3513 156.
829 3454 879 3498 aut
898 3458 972 3513 quo·
1007 3456 1088 3511 mat,
1111 3436 1270 3515 dequibus
1286 3438 1426 3499 austures
1443 3442 1516 3499 mira
1535 3454 1596 3513 pro·

378 3522 512 3579 rumille
539 3520 709 3578 sententiam
735 3520 868 3591 pausent,
890 3520 972 3577 Fale·
1008 3522 1156 3579 diderunt.
1199 3519 1275 3577 Nem
1296 3518 1318 3578 ii
1335 3536 1372 3579 ex
1388 3520 1531 3593 Faliscis,
1551 3514 1593 3595 φὶ

377 3601 442 3661 aios
461 3615 490 3658 et
505 3596 644 3669 Faliscos,
667 3614 701 3657 ut
720 3616 845 3673 gentes3
866 3614 897 3659 et
920 3600 972 3659 So·
1007 3600 1178 3660 sacrificium
1199 3614 1305 3659 annutn
1336 3600 1374 3659 ad
1400 3614 1532 3661 montem
1548 3600 1591 3661 So·

377 3679 454 3740 lium
470 3698 534 3754 cap.
553 3681 588 3739 de
607 3680 702 3751 ltalia,
723 3680 861 3739 Faliscum
878 3694 907 3740 et
918 3682 973 3740 Fa·
1006 3686 1103 3741 raeten
1126 3680 1264 3754 Apollini
1286 3680 1444 3755 fecerunt,
1467 3696 1497 3741 et
1515 3676 1594 3759 Hirpi

379 3764 492 3831 lerion,
520 3777 552 3819 vt
569 3761 680 3834 oppida
697 3761 866 3837 distingunt.
909 3762 974 3821 Ali·
1008 3762 1077 3821 dieti
1096 3760 1181 3831 sunt,
1203 3760 1288 3834 lupen
1311 3762 1434 3821 ardente
1457 3762 1595 3840 lignorum

379 3858 424 3901 rer
445 3842 570 3908 Liuius,
593 3843 643 3915 qui
663 3842 697 3899 L.
718 3839 756 3899 V.
774 3858 800 3900 c.
813 3857 863 3913 αῖ.
882 3858 912 3901 et
933 3843 970 3902 1..
1006 3841 1083 3902 strue
1112 3842 1282 3903 incedentes
1307 3858 1369 3901 non
1394 3846 1595 3903 adurebantut.

378 3926 415 3985 l„
438 3942 464 3982 e.
479 3941 531 4001 14.
571 3920 700 3983 litierios
715 3922 859 3995 oppidtun
874 3922 972 3985 notui·
1005 3923 1081 3983 Eum
1095 3922 1184 3983 ritum
1196 3920 1279 3981 suilse
1294 3922 1536 3997 antiquillimum‚
1552 3934 1595 3995 pa·

377 4016 448 4075 nat,
470 4019 500 4063 et
521 3997 644 4077 Faliscos
661 4004 817 4078 populum.
1004 4017 1051 4063 tet
1065 4022 1101 4062 ex
1124 4000 1231 4085 Virgil.
1252 4001 1334 4063 Aen.
1347 4004 1400 4063 Xl.
1418 4004 1539 4077 vilm-
1559 4026 1595 4045 ··

1007 4100 1036 4159 3.
1063 4084 1160 4157 Caput
1170 4083 1285 4159 aquilae
1301 4082 1338 4143 ad
1356 4084 1379 4143 s.
1390 4085 1471 4145 insta
1488 4084 1593 4145 solitua.

422 4156 598 4236 Faliscorum
623 4162 704 4221 numi
736 4162 821 4222 sunt:
856 4176 885 4223 1.
906 4158 968 4221 ΡΑ.
1004 4160 1045 4245 )(
1085 4164 1217 4225 Fulmen.
1249 4162 1301 4223 A.
1339 4172 1409 4237 187.
1443 4166 1494 4239 pd.
1523 4160 1591 4223 lius.

292 4272 299 4285 =
377 4244 514 4303 Vie‘toria
533 4244 690 4321 gradiens,
720 4244 747 4303 d.
769 4244 918 4313 lauream,
948 4240 969 4303 s.
1005 4236 1135 4305 Hunttr.
1172 4244 1237 4305 Tu.
1263 4258 1312 4315 η.
1346 4246 1379 4321 sg
1416 4248 1463 4307 16.
1489 4274 1532 4291 -
1567 4262 1592 4321 4.

378 4324 505 4386 demist.
544 4318 587 4403 J(
625 4324 735 4399 Aquila
763 4325 895 4397 leporem
918 4322 970 4380 de·
1005 4326 1116 4403 Aquila
1132 4324 1238 4384 volans
1264 4324 1302 4383 ad
1321 4325 1342 4383 s.
1360 4326 1594 4401 unguibualtpo-

378 4408 523 4481 pallens,
550 4404 580 4464 in
611 4421 678 4462 area
708 4405 815 4477 stgnum
839 4404 971 4463 incusum
1006 4423 1067 4466 rem
1121 4400 1162 4487 )(
1201 4405 1278 4477 HA.
1316 4404 1501 4469 Phoenicum
1520 4416 1594 4463 more

378 4488 510 4546 errulum.
532 4485 628 4545 ulta.
654 4478 760 4545 Ecluel
789 4486 878 4543 Num.
900 4479 977 4543 Vet.'
1006 4487 1109 4546 dextra
1143 4484 1281 4545 linrllratn
1313 4486 1428 4546 versus.
1470 4486 1592 4547 Fumea·

378 4570 443 4661 Tin.
463 4584 489 4626 l.
513 4566 554 4660 fg.
569 4580 597 4637 7.
620 4581 650 4635 Ρ.
662 4580 691 4635 9.
736 4561 971 4657 Faleriantru·
1006 4571 1242 4663 &1344de
1284 4584 1330 4645 M·
1361 4582 1465 4651 Hm·
1489 4588 1530 4647 ib·
1552 4584 1591 4659 (ι.

376 4645 662 4709 trae-eraslruscuinm
680 4643 758 4704 hunc
782 4660 811 4703 et
830 4654 971 4719 rnttguem
1008 4695 1054 4752 17·
1073 4708 1115 4723 ..¹
1134 4646 1168 4755 ἐς
1177 4678 1289 4755 Aquiu
1307 4678 1364 4739 affl
1382 4678 1514 4755 “pm
1528 4642 1592 4737 ὠ

376 4726 859 4879 liii‘iuissssiff‘illimis'
873 4728 974 4863 llll-
1005 4771 1040 4831 u
1060 4771 1090 4829 <³-
1111 4770 1244 4844 teporem
1264 4771 1431 4835 ultr...
1472 4764 1512 4857 n<
1530 4768 1591 4847 n.

376 4890 510 4951 Etruscis
531 4887 660 4946 insulem
687 4884 742 4948 eil.
782 4882 874 4944 Varia
903 4902 969 4944 ctuu
1004 4869 1125 4931 Fulmen
1155 4869 1274 4935 alatum
1306 4868 1365 4933 [Β.
1384 4860 1453 4953 9a÷
1480 4872 1529 4947 pa
1550 4864 1591 4929 tl.

377 4970 526 5033 *tonans
555 4966 735 5029 ial'u'eoruua
771 4968 851 5029 bella
889 4966 974 5028 uaria
1006 4968 1106 5033 liunt.
1128 4964 1174 5031 ib.
1201 4966 1243 5051 sp
1265 4966 1344 5055 18.)
1385 4966 1476 5037 Gale.
1501 4968 1590 5109 hg
