3775 5734
375 518 439 599 55·
639 472 711 577 '‘DA
1272 498 1336 581 DA

373 682 526 757 baculum,
544 698 639 761 prope
648 694 762 745 taurum
782 680 861 745 ἂι.
886 676 967 765 Guffl
1004 682 1028 748 l.
1050 680 1189 761 Expedit.
1221 682 1316 763 Cyri,
1336 683 1472 755 abiait,
1495 684 1519 743 n

373 782 404 831 ιι.
420 763 469 841 2.)
497 763 597 827 Hasd.
616 783 647 840 p,
665 764 738 847 49.)
774 762 865 825 Vas’li.
883 766 937 825 Gr.
1004 765 1084 825 diurn
1100 768 1228 826 militare
1245 765 1432 839 apudPersaa
1450 766 1520 825 suiss

1002 846 1097 906 ticum
1131 848 1161 907 in
1189 846 1318 923 stngulos
1355 844 1490 917 menses,

354 998 357 1003 Ι
415 926 454 1007 d)
481 922 537 986 sul.
555 924 679 985 Dosara.
706 924 739 986 6.
759 939 966 987 ΔΛιΔΑιιιιιιι.
1001 924 1100 1001 Cyrus
1119 929 1217 992 auxit,
1239 939 1272 985 vt
1298 926 1442 997 deinceps
1464 943 1519 998 pro

374 1006 509 1069 Bacchus
529 1008 558 1065 d.
579 1004 732 1081 thyrsum,
759 1022 816 1085 pro
838 1006 965 1081 pedibus
999 1008 1065 1066 rico
1084 1009 1230 1081 acciperet
1257 1008 1343 1065 miles
1362 998 1520 1087 ‚sesquidar

373 1088 473 1163 tigris.
505 1088 593 1147 AEo.
621 1080 702 1167 Graffi
724 1086 824 1173 mg)
871 1083 962 1145 Vaill.
1000 1088 1188 1147 menstruum.
1231 1087 1453 1145 Votoruartci
1481 1100 1516 1145 vt

374 1168 432 1227 Gr.
449 1186 477 1240 p.
497 1182 549 1243 90.
572 1194 614 1207 ·-
654 1180 684 1239 7.
706 1166 757 1227 Aa.
778 1167 828 1227 sed
847 1168 964 1226 Aeneas
999 1169 1064 1228 nuit
1079 1164 1213 1248 Lipfisss,
1236 1167 1295 1227 suit
1312 1166 1422 1242 viginti
1445 1167 1520 1226 draci

373 1246 505 1307 humeris
536 1244 704 1319 Anchisen,
743 1247 773 1306 d.
805 1246 964 1305 Ascanium
997 1266 1063 1307 rum
1084 1251 1272 1321 Atticarum,
1292 1264 1368 1324 qnae
1392 1248 1520 1306 Romam

373 1328 467 1386 ducit.
489 1326 528 1385 AE
545 1344 576 1386 n.
610 1320 769 1409 Gaffiib.)
802 1324 900 1386 Hasd.
918 1327 961 1385 ib.
1000 1330 1086 1389 natlo
1103 1330 1167 1389 sunt
1192 1345 1288 1403 pares.
1330 1328 1376 1385 De
1395 1329 1520 1391 Dorico.

377 1404 471 1467 Vas'ls.
489 1407 532 1466 ib.
561 1436 603 1449 -
642 1418 672 1477 8.
693 1422 885 1469 natuturam
912 1422 965 1465 to·
1001 1410 1102 1485 tiqttae
1118 1411 1196 1485 apud
1216 1410 1317 1468 Persas
1341 1421 1482 1466 monetae
1506 1407 1520 1479 s

371 1502 459 1547 aroc.
504 1482 634 1545 Rhodius
649 1490 744 1549 artinis
762 1487 901 1547 muliebri
920 1487 966 1545 fa·
1000 1492 1079 1551 mine
1097 1486 1247 1572 Spaniam.
1265 1486 1315 1548 Pr.
1335 1488 1358 1550 1.
1382 1505 1413 1563 p.
1431 1494 1503 1563 558.

370 1568 418 1627 cie
449 1567 624 1639 decumbit,
653 1572 681 1629 d.
708 1586 840 1640 rantum,
870 1582 965 1643 prope

333 1698 337 1705 ·
371 1652 499 1789 ‘ils’
513 1647 678 1812 dasii
701 1646 967 1809 Patalis
999 1648 1158 1791 ..stile
1180 1646 1520 1789 ”dilatasti

378 1804 470 1873 Vara.
489 1811 532 1870 ib.
681 1748 710 1810 4⁰
999 1810 1044 1869 dri
1057 1774 1283 1869 adolescentiam
1295 1746 1455 1883 despicsstui
1472 1807 1520 1867 hal

436 1890 441 1899 '
998 1890 1081 1950 bello
1102 1906 1168 1948 eunt
1185 1890 1331 1965 adgressus
1354 1890 1416 1959 en,
1440 1896 1477 1949 ab
1501 1907 1516 1948 e

412 1970 449 2051 e)
480 1964 568 2030 Geta.
609 1986 639 2047 9.
668 1986 703 2031 ιι.
734 1982 832 2032 cetra.
861 1982 964 2029 rarae
998 1972 1131 2049 quamuis
1145 1970 1259 2045 eximtis
1275 1971 1372 2043 copiis
1386 1971 1484 2031 tribus
1495 1974 1520 2031 in

370 2062 491 2111 alarona
531 2054 631 2125 Caput
665 2054 729 2112 eius
759 2052 880 2111 nudum.
923 2044 965 2130 )(
998 2052 1078 2111 tibus
1099 2050 1224 2123 proeliis
1247 2050 1365 2121 visiun,
1389 2069 1456 2110 cum
1477 2051 1507 2111 se

369 2144 576 2192 uenantum.
619 2134 684 2193 Aen
707 2132 915 2209 easgtadiens,
934 2130 963 2189 d.
998 2132 1107 2190 victori
1134 2131 1248 2203 eripere
1272 2144 1456 2205 conaretur,
1495 2150 1511 2191 a

369 2212 529 2273 Ascanium
550 2212 642 2272 hlium
666 2214 765 2284 ducit,
791 2212 814 2273 s.
840 2209 965 2272 brachio
1001 2210 1229 2285 comprehenl'ua
1249 2210 1289 2269 est
1308 2224 1338 2271 et
1354 2212 1520 2273 trucidatus

370 2293 519 2353 Anchisen
547 2309 662 2369 patrem
688 2293 884 2369 amplesiitut.
925 2289 966 2349 AE
1000 2292 1058 2350 Vel
1081 2292 1294 2363 huicvltimo,
1327 2291 1377 2350 vel
1396 2284 1458 2353 alio
1488 2311 1520 2352 ex

369 2388 400 2434 2.
429 2368 510 2455 Goff.
536 2392 567 2433 n.
588 2374 638 2455 5.)
679 2372 832 2434 Hardain.
856 2389 887 2445 p.
912 2385 963 2447 49.
999 2371 1192 2431 tecelsoribus
1217 2370 1392 2432 adscribitur
1416 2374 1512 2451 vulgo

370 2454 469 2535 800.)
515 2451 606 2513 Vaill.
641 2454 695 2514 Gr.
733 2484 775 2497 -
827 2469 873 2516 ιο.
911 2449 960 2509 Al.
998 2470 1087 2523 mus,
1124 2453 1153 2511 in
1183 2467 1244 2529 quo
1274 2466 1364 2531 caput
1403 2452 1513 2517 leonia.

366 2532 419 2593 scd
444 2534 633 2612 Ganymedea
662 2535 758 2594 nudus
787 2551 854 2593 cum
878 2532 961 2605 pileo
997 2532 1105 2611 Figura
1123 2546 1268 2594 coronata
1281 2532 1423 2595 sarcum
1439 2548 1520 2597 tanet

367 2612 501 2691 Phrygio
523 2616 560 2675 ab
584 2614 683 2689 aquila
704 2616 828 2687 rapitur.
867 2615 906 2676 AE
928 2628 959 2673 a.

373 2688 456 2775 Gaaff.
475 2694 540 2775 ib.)
589 2692 680 2753 Vatis.
698 2694 741 2756 ih.
1037 2692 1195 2757 Durriae,
1228 2692 1332 2767 populi
1362 2694 1446 2755 iuxta
1472 2700 1520 2757 rui

997 2792 1099 2847 mare,
1119 2772 1219 2849 audiat
1235 2780 1344 2833 asls'lo's
1368 2788 1428 2837 etc.
1446 2779 1509 2839 viti.

409 2853 583 2927 Dardanas,
599 2856 681 2917 louis
699 2856 777 2917 lilius
794 2873 830 2917 ex
846 2855 964 2917 Elesira
995 2853 1139 2937 plaustra.
1163 2854 1362 2931 admonetque
1377 2855 1458 2916 idem
1481 2872 1512 2919 et

367 2936 500 2997 Atlantis
512 2937 597 3009 stlia,
618 2938 669 3013 qui
693 2955 759 2997 cum
777 2938 899 2996 fratrem
918 2938 963 2995 in·
997 2952 1151 3011 praeterea
1175 2934 1231 2995 esse
1257 2936 1362 2996 vrbem
1386 2946 1520 3009 naum

368 3016 546 3089 teremilsct,
568 3017 636 3076 inde
652 3019 788 3095 fugiens,
810 3018 840 3076 in
859 3020 962 3077 Samo·
997 3016 1107 3095 gentile
1131 3032 1239 3081 nomen
1272 3014 1313 3075 ait
1340 3012 1397 3077 else
1423 3030 1520 3092 namt

366 3096 511 3158 thraciam
525 3101 669 3171 primurn,
693 3100 798 3158 deinde
814 3099 843 3157 in
862 3098 960 3159 Asram
996 3096 1133 3173 Διξὲιΐις.
1174 3096 1254 3157 Hinc

365 3179 469 3251 venit,
495 3180 621 3255 locaque
648 3180 743 3238 tenuit
762 3178 960 3251 Hellesponto

365 3261 524 3335 proxima,
543 3265 707 3336 urbemque
726 3260 767 3319 ibi
788 3258 962 3317 llardasrursa
1034 3270 1200 3317 narnatnn
1217 3256 1245 3317 in
1256 3254 1346 3318 Thes.
1361 3252 1466 3331 (isicii
1481 3278 1510 3337 p.

368 3342 406 3401 de
422 3342 542 3401 nomine
561 3341 614 3399 suo
626 3340 774 3411 condidit,
792 3342 960 3415 regionem·
995 3352 1024 3397 et
1040 3340 1117 3413 apud
1132 3337 1282 3399 Hardain.
1301 3340 1394 3413 Oper.
1414 3358 1445 3416 p.
1464 3358 1513 3419 49.

366 3436 425 3499 que
453 3434 546 3481 totam
577 3420 742 3481 nominauit
762 3420 959 3487 Dardaniam,
995 3436 1029 3479 ea
1047 3421 1169 3495 regione
1197 3422 1276 3479 sorte
1297 3438 1403 3481 numus
1420 3424 1474 3482 ille
1493 3440 1520 3483 ct

388 3518 454 3561 uam
473 3494 576 3573 postea
587 3502 683 3573 'l'roa,
703 3500 961 3563 Erichtoniifiliua
994 3500 1024 3559 in
1045 3518 1103 3576 qua
1131 3500 1360 3575 comprehensus
1379 3503 1454 3563 olim
1477 3504 1520 3563 Da

365 3520 488 3643 3'ros'am
505 3582 678 3655 adpellant.
994 3582 1031 3641 ab
1052 3582 1247 3652 Alexandro,
1270 3582 1348 3641 vnde
1367 3584 1393 3643 ei
1416 3600 1520 3645 nomer

364 3770 367 3775 ·
403 3756 554 3811 anteros,
571 3742 663 3801 Das-ii
677 3742 958 3803 archontisnomen.
1031 3736 1171 3815 Dascylos
1187 3741 1356 3818 bithyniae.
1381 3760 1414 3805 v.
1431 3760 1520 3807 Διιιι

364 3834 422 3885 ant
441 3838 514 3882 nax.
530 3840 670 3883 atteror
684 3838 875 3894 turanorum,
898 3820 958 3883 saa
994 3838 1079 3883 anu.

363 3902 509 3963 Archorare
529 3904 625 3963 Dario
641 3901 836 3980 Milesiorum.
860 3922 890 3963 n.
910 3906 956 3963 nl.

360 3985 467 4045 Aurei.
500 4016 539 4029 -
581 4000 636 4045 ειιι
665 4000 799 4043 natator
827 4000 958 4043 catara·
1032 3982 1185 4045 DASISC.
1228 3978 1335 4057 Ssfiiae
1363 3984 1450 4049 eusut
1480 4006 1520 4051 nu

361 4080 452 4137 nau,
476 4060 535 4123 Sala
547 4064 642 4125 Dario
662 4062 884 4125 Sardianorum.
906 4064 955 4125 [Ε.
992 4082 1059 4124 cunt
1076 4080 1149 4125 nota
1168 4066 1337 4127 monetarii.

362 4146 409 4207 M.
436 4148 543 4207 Aurei.

1032 4239 1248 4285 attnratrnn'
1268 4226 1296 4285 in
1317 4226 1430 4288 Galbae
1456 4246 1520 4291 num

403 4304 551 4371 Doricus,
580 4306 678 4381 quiet
694 4300 793 4379 stater
815 4304 957 4377 Doricus,
992 4306 1083 4365 Thes.
1093 4300 1192 4365 Goiaa'a'
1203 4322 1279 4379 μαι
1287 4323 1314 4381 3.
1324 4308 1392 4367 etin
1402 4310 1520 4383 Operas

361 4388 419 4449 suit
434 4404 541 4447 numus
561 4403 668 4445 attreua
689 4387 859 4461 sagittarunt
884 4402 956 4446 nota
992 4386 1075 4444 desini
1086 4406 1114 4461 p.
1125 4403 1174 4464 49.
1186 4418 1221 4433 -·
1241 4385 1397 4465 Bithyniae
1408 4394 1518 4463 vrbs,c

360 4466 544 4539 insculptus,
583 4478 618 4525 vt
648 4466 769 4525 testatur
798 4464 953 4527 Plutarch.
991 4486 1098 4527 nomen
1114 4464 1275 4527 Ptolemaeo
1291 4480 1453 4543 aaronem,
1477 4474 1520 4531 lla

359 4546 516 4621 Apophth.
544 4544 685 4605 Laconic.
710 4564 725 4605 a
743 4548 836 4606 Dario
855 4548 955 4624 aliquo
990 4548 1072 4615 leam,
1089 4549 1170 4623 qnod
1185 4548 1227 4607 ita
1242 4548 1329 4607 etiam
1344 4546 1451 4609 Straba
1463 4554 1515 4613 scri

358 4626 511 4687 Persarum
530 4644 601 4701 rege
619 4626 785 4701 perculsus,
807 4644 902 4703 aquo
925 4642 955 4687 et
990 4630 1038 4689 sed
1055 4634 1090 4689 ad
1108 4630 1243 4703 paludem
1256 4630 1464 4705 Dat'cylitidem
1476 4650 1520 4707 pot

360 4722 469 4769 nomen
491 4707 630 4781 accepit,
655 4708 728 4767 testo
749 4706 896 4765 Herodoto
917 4710 953 4769 l..
989 4724 1022 4769 vt
1047 4712 1126 4773 intus
1144 4710 1226 4770 snum
1244 4710 1380 4769 videatur
1397 4712 1504 4783 [υἱῆες

359 4790 415 4850 IV.
457 4788 592 4861 „Darius
609 4804 645 4845 ex
662 4804 734 4847 auro
749 4806 836 4865 quam
858 4790 957 4861 potuit
990 4788 1063 4851 haec
1079 4792 1163 4866 palus
1179 4807 1274 4865 prope
1292 4807 1370 4849 mare
1387 4791 1435 4850 seu
1448 4794 1520 4867 Prop

358 4866 557 4943 purgatillimo
595 4882 744 4927 monetam
784 4870 954 4941 percunt...
989 4874 1080 4931 tidem
1099 4872 1175 4943 suit,
1202 4886 1315 4931 namet
1335 4868 1431 4929 Plinio
1450 4874 1520 4935 L.V

360 4948 501 5011 Meminit
514 4944 644 5011 eiusdem
661 4949 742 5011 astuti
755 4946 906 5033 halapiae
916 4948 953 5012 1..
991 4972 1041 5031 40.
1059 4954 1106 5015 eui
1124 4948 1262 5030 Dascylos
1281 4951 1376 5015 nibus
1394 4954 1517 5031 syllable

1393 5052 1396 5057 ·
1493 5048 1520 5095 et
