<?xml version="1.0" encoding="UTF-8"?>
<!DOCTYPE html PUBLIC "-//W3C//DTD XHTML 1.0 Transitional//EN"
    "http://www.w3.org/TR/xhtml1/DTD/xhtml1-transitional.dtd">
<html xmlns="http://www.w3.org/1999/xhtml" xml:lang="en" lang="en">
 <head>
  <title>
</title>
<meta http-equiv="Content-Type" content="text/html;charset=utf-8" />
  <meta name='ocr-system' content='tesseract 3.04.00' />
  <meta name='ocr-capabilities' content='ocr_page ocr_carea ocr_par ocr_line ocrx_word'/>
</head>
<body>
  <div class='ocr_page' id='page_1' title='image "./lexiconvniversa03rascgoog_0391.png"; bbox 0 0 3775 5734; ppageno 0'>
   <div class='ocr_carea' id='block_1_1' title="bbox 374 504 1592 639">
    <p class='ocr_par' dir='ltr' id='par_1_1' title="bbox 374 504 1592 639">
     <span class='ocr_line' id='line_1_1' title="bbox 374 504 1592 639; baseline -0.011 -7"><span class='ocrx_word' id='word_1_1' title='bbox 374 538 451 632; x_wconf 78' lang='lat'>783</span> <span class='ocrx_word' id='word_1_2' title='bbox 635 504 707 606; x_wconf 53' lang='grc' dir='ltr'>ἘΤ</span> <span class='ocrx_word' id='word_1_3' title='bbox 818 536 824 549; x_wconf 83' lang='grc'><strong>“</strong></span> <span class='ocrx_word' id='word_1_4' title='bbox 1243 514 1348 639; x_wconf 67' lang='grc' dir='ltr'>,ΕΤ</span> <span class='ocrx_word' id='word_1_5' title='bbox 1528 528 1592 619; x_wconf 77' lang='lat' dir='ltr'>tls</span> 
     </span>
    </p>
   </div>
   <div class='ocr_carea' id='block_1_2' title="bbox 381 701 1621 4167">
    <p class='ocr_par' dir='ltr' id='par_1_2' title="bbox 381 701 1621 4167">
     <span class='ocr_line' id='line_1_2' title="bbox 381 701 1595 785; baseline -0.012 -10"><span class='ocrx_word' id='word_1_6' title='bbox 381 713 460 785; x_wconf 78' lang='lat' dir='ltr'>stait3</span> <span class='ocrx_word' id='word_1_7' title='bbox 481 710 548 773; x_wconf 91' lang='lat' dir='ltr'>dein</span> <span class='ocrx_word' id='word_1_8' title='bbox 567 711 696 773; x_wconf 77' lang='lat' dir='ltr'>succum</span> <span class='ocrx_word' id='word_1_9' title='bbox 715 710 828 785; x_wconf 64' lang='lat' dir='ltr'>arcasin</span> <span class='ocrx_word' id='word_1_10' title='bbox 857 710 976 771; x_wconf 86' lang='lat' dir='ltr'>demum</span> <span class='ocrx_word' id='word_1_11' title='bbox 1010 726 1118 777; x_wconf 84' lang='lat' dir='ltr'>nornen</span> <span class='ocrx_word' id='word_1_12' title='bbox 1137 726 1197 770; x_wconf 88' lang='lat' dir='ltr'>non</span> <span class='ocrx_word' id='word_1_13' title='bbox 1215 704 1342 784; x_wconf 77' lang='lat' dir='ltr'>gentile,</span> <span class='ocrx_word' id='word_1_14' title='bbox 1366 704 1416 765; x_wconf 82' lang='lat' dir='ltr'>sed</span> <span class='ocrx_word' id='word_1_15' title='bbox 1431 701 1595 776; x_wconf 82' lang='lat' dir='ltr'>vrbisiplms</span> 
     </span>
     <span class='ocr_line' id='line_1_3' title="bbox 382 780 1597 870; baseline -0.013 -15"><span class='ocrx_word' id='word_1_16' title='bbox 382 792 526 856; x_wconf 81' lang='lat' dir='ltr'>rotunda.</span> <span class='ocrx_word' id='word_1_17' title='bbox 565 794 658 853; x_wconf 84' lang='lat' dir='ltr'><strong>Numi</strong></span> <span class='ocrx_word' id='word_1_18' title='bbox 684 796 804 870; x_wconf 89' lang='lat' dir='ltr'>quidem</span> <span class='ocrx_word' id='word_1_19' title='bbox 820 794 977 869; x_wconf 64' lang='lat' dir='ltr'>crassiores</span> <span class='ocrx_word' id='word_1_20' title='bbox 1011 799 1040 855; x_wconf 96' lang='lat' dir='ltr'>in</span> <span class='ocrx_word' id='word_1_21' title='bbox 1059 794 1143 853; x_wconf 82' lang='lat' dir='ltr'>sexto</span> <span class='ocrx_word' id='word_1_22' title='bbox 1161 790 1228 848; x_wconf 79' lang='lat' dir='ltr'>casu</span> <span class='ocrx_word' id='word_1_23' title='bbox 1243 788 1437 858; x_wconf 76' lang='lat' dir='ltr'><strong>declaratur,</strong></span> <span class='ocrx_word' id='word_1_24' title='bbox 1461 784 1524 845; x_wconf 81' lang='lat' dir='ltr'>aes</span> <span class='ocrx_word' id='word_1_25' title='bbox 1549 780 1597 841; x_wconf 85' lang='lat' dir='ltr'>Tn-</span> 
     </span>
     <span class='ocr_line' id='line_1_4' title="bbox 382 864 1599 950; baseline -0.013 -13"><span class='ocrx_word' id='word_1_26' title='bbox 382 874 542 949; x_wconf 83' lang='lat' dir='ltr'>aIIquamdo</span> <span class='ocrx_word' id='word_1_27' title='bbox 556 874 659 950; x_wconf 80' lang='lat' dir='ltr'>signati</span> <span class='ocrx_word' id='word_1_28' title='bbox 679 876 744 934; x_wconf 86' lang='lat' dir='ltr'>l&#39;unt</span> <span class='ocrx_word' id='word_1_29' title='bbox 764 876 794 933; x_wconf 90' lang='lat' dir='ltr'>in</span> <span class='ocrx_word' id='word_1_30' title='bbox 818 874 900 931; x_wconf 88' lang='lat' dir='ltr'>vsum</span> <span class='ocrx_word' id='word_1_31' title='bbox 925 873 975 930; x_wconf 91' lang='lat' dir='ltr'>do·</span> <span class='ocrx_word' id='word_1_32' title='bbox 1015 874 1082 933; x_wconf 80' lang='lat' dir='ltr'>alere</span> <span class='ocrx_word' id='word_1_33' title='bbox 1099 867 1338 949; x_wconf 79' lang='lat' dir='ltr'>nsanetass&#39;gnara</span> <span class='ocrx_word' id='word_1_34' title='bbox 1359 868 1517 926; x_wconf 76' lang='lat' dir='ltr'>diceretur.</span> <span class='ocrx_word' id='word_1_35' title='bbox 1534 864 1599 943; x_wconf 90' lang='lat' dir='ltr'>Qui·</span> 
     </span>
     <span class='ocr_line' id='line_1_5' title="bbox 383 944 1598 1029; baseline -0.011 -15"><span class='ocrx_word' id='word_1_36' title='bbox 383 957 555 1018; x_wconf 80' lang='lat' dir='ltr'>nationum,</span> <span class='ocrx_word' id='word_1_37' title='bbox 578 955 664 1012; x_wconf 83' lang='lat' dir='ltr'>etium</span> <span class='ocrx_word' id='word_1_38' title='bbox 683 972 749 1015; x_wconf 90' lang='lat' dir='ltr'>cum</span> <span class='ocrx_word' id='word_1_39' title='bbox 769 969 978 1013; x_wconf 79' lang='lat' dir='ltr'>monetatum·</span> <span class='ocrx_word' id='word_1_40' title='bbox 1015 960 1070 1014; x_wconf 87' lang='lat' dir='ltr'>isus</span> <span class='ocrx_word' id='word_1_41' title='bbox 1089 953 1205 1029; x_wconf 72' lang='lat' dir='ltr'>legibus</span> <span class='ocrx_word' id='word_1_42' title='bbox 1228 952 1330 1025; x_wconf 85' lang='lat' dir='ltr'>lingua</span> <span class='ocrx_word' id='word_1_43' title='bbox 1345 946 1472 1007; x_wconf 82' lang='lat' dir='ltr'>Etrusca</span> <span class='ocrx_word' id='word_1_44' title='bbox 1488 944 1598 1003; x_wconf 82' lang='lat' dir='ltr'>obllrIn·</span> 
     </span>
     <span class='ocr_line' id='line_1_6' title="bbox 385 1024 1600 1111; baseline -0.012 -15"><span class='ocrx_word' id='word_1_45' title='bbox 385 1035 514 1095; x_wconf 86' lang='lat' dir='ltr'>munirer</span> <span class='ocrx_word' id='word_1_46' title='bbox 549 1034 699 1093; x_wconf 87' lang='lat' dir='ltr'>deminuta</span> <span class='ocrx_word' id='word_1_47' title='bbox 740 1036 817 1093; x_wconf 87' lang='lat' dir='ltr'>esset.</span> <span class='ocrx_word' id='word_1_48' title='bbox 864 1030 980 1093; x_wconf 81' lang='lat' dir='ltr'>Pondus</span> <span class='ocrx_word' id='word_1_49' title='bbox 1015 1048 1151 1111; x_wconf 74' lang='lat' dir='ltr'>geretur,</span> <span class='ocrx_word' id='word_1_50' title='bbox 1180 1045 1209 1088; x_wconf 91' lang='lat' dir='ltr'>et</span> <span class='ocrx_word' id='word_1_51' title='bbox 1236 1047 1272 1089; x_wconf 90' lang='lat' dir='ltr'>an</span> <span class='ocrx_word' id='word_1_52' title='bbox 1298 1028 1382 1089; x_wconf 86' lang='lat' dir='ltr'>sexto</span> <span class='ocrx_word' id='word_1_53' title='bbox 1412 1026 1532 1101; x_wconf 76' lang='lat' dir='ltr'>potins,</span> <span class='ocrx_word' id='word_1_54' title='bbox 1560 1024 1600 1082; x_wconf 82' lang='lat' dir='ltr'>ml</span> 
     </span>
     <span class='ocr_line' id='line_1_7' title="bbox 385 1106 1601 1188; baseline -0.011 -13"><span class='ocrx_word' id='word_1_55' title='bbox 385 1128 526 1175; x_wconf 88' lang='lat' dir='ltr'>monetae</span> <span class='ocrx_word' id='word_1_56' title='bbox 544 1114 623 1171; x_wconf 86' lang='lat' dir='ltr'>fusae</span> <span class='ocrx_word' id='word_1_57' title='bbox 641 1132 701 1173; x_wconf 93' lang='lat' dir='ltr'>non</span> <span class='ocrx_word' id='word_1_58' title='bbox 724 1114 892 1188; x_wconf 85' lang='lat' dir='ltr'>scrupulose</span> <span class='ocrx_word' id='word_1_59' title='bbox 910 1130 980 1170; x_wconf 69' lang='lat' dir='ltr'>cna·</span> <span class='ocrx_word' id='word_1_60' title='bbox 1015 1115 1143 1174; x_wconf 84' lang='lat' dir='ltr'>scctmdo</span> <span class='ocrx_word' id='word_1_61' title='bbox 1170 1110 1237 1169; x_wconf 91' lang='lat' dir='ltr'>casu</span> <span class='ocrx_word' id='word_1_62' title='bbox 1254 1109 1399 1169; x_wconf 81' lang='lat' dir='ltr'>vteudusn</span> <span class='ocrx_word' id='word_1_63' title='bbox 1426 1106 1541 1177; x_wconf 88' lang='lat' dir='ltr'>suisset,</span> <span class='ocrx_word' id='word_1_64' title='bbox 1559 1120 1601 1179; x_wconf 88' lang='lat' dir='ltr'>pe·</span> 
     </span>
     <span class='ocr_line' id='line_1_8' title="bbox 385 1186 1602 1267; baseline -0.013 -12"><span class='ocrx_word' id='word_1_65' title='bbox 385 1194 557 1255; x_wconf 83' lang='lat' dir='ltr'>mInandum</span> <span class='ocrx_word' id='word_1_66' title='bbox 591 1197 631 1253; x_wconf 89' lang='lat' dir='ltr'>ub</span> <span class='ocrx_word' id='word_1_67' title='bbox 651 1188 860 1255; x_wconf 69' lang='lat' dir='ltr'>&#39;lnttoluntaria</span> <span class='ocrx_word' id='word_1_68' title='bbox 886 1195 981 1251; x_wconf 87' lang='lat' dir='ltr'>iucre-</span> <span class='ocrx_word' id='word_1_69' title='bbox 1015 1197 1095 1255; x_wconf 89' lang='lat' dir='ltr'>nitus</span> <span class='ocrx_word' id='word_1_70' title='bbox 1114 1194 1297 1267; x_wconf 77' lang='lat' dir='ltr'>ignoramus.</span> <span class='ocrx_word' id='word_1_71' title='bbox 1323 1220 1358 1233; x_wconf 91' lang='lat'>-</span> <span class='ocrx_word' id='word_1_72' title='bbox 1380 1186 1419 1263; x_wconf 91' lang='lat' dir='ltr'>b)</span> <span class='ocrx_word' id='word_1_73' title='bbox 1436 1186 1602 1255; x_wconf 73' lang='lat' dir='ltr'>amasae..</span> 
     </span>
     <span class='ocr_line' id='line_1_9' title="bbox 388 1266 1601 1351; baseline -0.01 -16"><span class='ocrx_word' id='word_1_74' title='bbox 388 1288 487 1335; x_wconf 80' lang='lat' dir='ltr'>ments</span> <span class='ocrx_word' id='word_1_75' title='bbox 522 1288 553 1332; x_wconf 92' lang='lat' dir='ltr'>et</span> <span class='ocrx_word' id='word_1_76' title='bbox 588 1275 776 1333; x_wconf 87' lang='lat' dir='ltr'>decrementa</span> <span class='ocrx_word' id='word_1_77' title='bbox 813 1290 982 1344; x_wconf 86' lang='lat' dir='ltr'>nummum,</span> <span class='ocrx_word' id='word_1_78' title='bbox 1018 1291 1145 1351; x_wconf 81' lang='lat' dir='ltr'>qumutn</span> <span class='ocrx_word' id='word_1_79' title='bbox 1168 1286 1277 1331; x_wconf 85' lang='lat' dir='ltr'>ntttnos</span> <span class='ocrx_word' id='word_1_80' title='bbox 1296 1268 1461 1351; x_wconf 74' lang='lat' dir='ltr'>Ars&#39;goniur</span> <span class='ocrx_word' id='word_1_81' title='bbox 1484 1268 1514 1326; x_wconf 91' lang='lat' dir='ltr'>in</span> <span class='ocrx_word' id='word_1_82' title='bbox 1540 1266 1601 1325; x_wconf 83' lang='lat' dir='ltr'>Pro·</span> 
     </span>
     <span class='ocr_line' id='line_1_10' title="bbox 390 1346 1603 1430; baseline -0.007 -17"><span class='ocrx_word' id='word_1_83' title='bbox 390 1354 983 1430; x_wconf 71' lang='lat' dir='ltr'>quaecontigeruntinadttsulionis.-</span> <span class='ocrx_word' id='word_1_84' title='bbox 1018 1356 1117 1429; x_wconf 76' lang='lat' dir='ltr'>spectu</span> <span class='ocrx_word' id='word_1_85' title='bbox 1158 1353 1202 1411; x_wconf 87' lang='lat' dir='ltr'>rei</span> <span class='ocrx_word' id='word_1_86' title='bbox 1244 1350 1398 1410; x_wconf 83' lang='lat' dir='ltr'>numatiae</span> <span class='ocrx_word' id='word_1_87' title='bbox 1442 1346 1532 1407; x_wconf 87' lang='lat' dir='ltr'>musei</span> <span class='ocrx_word' id='word_1_88' title='bbox 1571 1346 1603 1405; x_wconf 86' lang='lat' dir='ltr'>titi</span> 
     </span>
     <span class='ocr_line' id='line_1_11' title="bbox 390 1426 1604 1511; baseline -0.008 -16"><span class='ocrx_word' id='word_1_89' title='bbox 390 1435 466 1506; x_wconf 83' lang='lat' dir='ltr'>Cap.</span> <span class='ocrx_word' id='word_1_90' title='bbox 489 1434 533 1491; x_wconf 94' lang='lat' dir='ltr'>IV</span> <span class='ocrx_word' id='word_1_91' title='bbox 582 1428 656 1511; x_wconf 83' lang='lat' dir='ltr'>Affis</span> <span class='ocrx_word' id='word_1_92' title='bbox 675 1431 842 1510; x_wconf 81' lang='lat' dir='ltr'>diJIributs‘a</span> <span class='ocrx_word' id='word_1_93' title='bbox 861 1436 890 1493; x_wconf 87' lang='lat' dir='ltr'>In</span> <span class='ocrx_word' id='word_1_94' title='bbox 908 1435 983 1492; x_wconf 90' lang='lat' dir='ltr'>duo·</span> <span class='ocrx_word' id='word_1_95' title='bbox 1019 1436 1151 1496; x_wconf 81' lang='lat' dir='ltr'>omasum</span> <span class='ocrx_word' id='word_1_96' title='bbox 1173 1432 1271 1492; x_wconf 90' lang='lat' dir='ltr'>oculis</span> <span class='ocrx_word' id='word_1_97' title='bbox 1289 1430 1423 1491; x_wconf 88' lang='lat' dir='ltr'>subiecit.</span> <span class='ocrx_word' id='word_1_98' title='bbox 1465 1429 1498 1489; x_wconf 90' lang='lat' dir='ltr'>In</span> <span class='ocrx_word' id='word_1_99' title='bbox 1518 1426 1604 1487; x_wconf 75' lang='lat' dir='ltr'>hisee</span> 
     </span>
     <span class='ocr_line' id='line_1_12' title="bbox 391 1506 1604 1588; baseline -0.009 -14"><span class='ocrx_word' id='word_1_100' title='bbox 391 1514 488 1574; x_wconf 80' lang='lat' dir='ltr'>decius</span> <span class='ocrx_word' id='word_1_101' title='bbox 513 1528 612 1586; x_wconf 83' lang='lat' dir='ltr'>partes</span> <span class='ocrx_word' id='word_1_102' title='bbox 637 1519 673 1574; x_wconf 88' lang='lat' dir='ltr'>ab</span> <span class='ocrx_word' id='word_1_103' title='bbox 699 1514 832 1575; x_wconf 81' lang='lat' dir='ltr'>Etruscis</span> <span class='ocrx_word' id='word_1_104' title='bbox 855 1514 985 1588; x_wconf 82' lang='lat' dir='ltr'>expetita</span> <span class='ocrx_word' id='word_1_105' title='bbox 1018 1533 1078 1575; x_wconf 86' lang='lat' dir='ltr'>vna</span> <span class='ocrx_word' id='word_1_106' title='bbox 1099 1527 1183 1588; x_wconf 89' lang='lat' dir='ltr'>parte</span> <span class='ocrx_word' id='word_1_107' title='bbox 1216 1526 1304 1584; x_wconf 86' lang='lat' dir='ltr'>caput</span> <span class='ocrx_word' id='word_1_108' title='bbox 1336 1508 1473 1571; x_wconf 76' lang='lat' dir='ltr'>mulserit</span> <span class='ocrx_word' id='word_1_109' title='bbox 1500 1506 1604 1579; x_wconf 79' lang='lat' dir='ltr'>consul·</span> 
     </span>
     <span class='ocr_line' id='line_1_13' title="bbox 391 1592 1605 1665; baseline -0.007 -11"><span class='ocrx_word' id='word_1_110' title='bbox 391 1596 449 1654; x_wconf 92' lang='lat' dir='ltr'>toti</span> <span class='ocrx_word' id='word_1_111' title='bbox 483 1594 584 1653; x_wconf 83' lang='lat' dir='ltr'>Italiae</span> <span class='ocrx_word' id='word_1_112' title='bbox 616 1596 781 1654; x_wconf 78' lang='lat' dir='ltr'>consuturis</span> <span class='ocrx_word' id='word_1_113' title='bbox 811 1595 879 1655; x_wconf 90' lang='lat' dir='ltr'>suit.</span> <span class='ocrx_word' id='word_1_114' title='bbox 923 1593 985 1652; x_wconf 84' lang='lat' dir='ltr'>I‘ri·</span> <span class='ocrx_word' id='word_1_115' title='bbox 1020 1612 1107 1655; x_wconf 89' lang='lat' dir='ltr'>cuum</span> <span class='ocrx_word' id='word_1_116' title='bbox 1127 1593 1185 1665; x_wconf 67' lang='grc' dir='ltr'>οὓς</span> <span class='ocrx_word' id='word_1_117' title='bbox 1214 1593 1244 1652; x_wconf 86' lang='lat' dir='ltr'>In</span> <span class='ocrx_word' id='word_1_118' title='bbox 1268 1592 1327 1651; x_wconf 85' lang='lat' dir='ltr'>alit</span> <span class='ocrx_word' id='word_1_119' title='bbox 1346 1604 1423 1649; x_wconf 89' lang='lat' dir='ltr'>vero</span> <span class='ocrx_word' id='word_1_120' title='bbox 1448 1606 1522 1659; x_wconf 80' lang='lat' dir='ltr'>vas,</span> <span class='ocrx_word' id='word_1_121' title='bbox 1550 1604 1605 1647; x_wconf 88' lang='lat' dir='ltr'>cun</span> 
     </span>
     <span class='ocr_line' id='line_1_14' title="bbox 393 1664 1605 1755; baseline -0.009 -21"><span class='ocrx_word' id='word_1_122' title='bbox 393 1688 530 1734; x_wconf 80' lang='lat' dir='ltr'>macutum</span> <span class='ocrx_word' id='word_1_123' title='bbox 543 1670 725 1755; x_wconf 79' lang='lat' dir='ltr'>pandusaffis</span> <span class='ocrx_word' id='word_1_124' title='bbox 739 1673 897 1746; x_wconf 82' lang='lat' dir='ltr'>fuitsibru,</span> <span class='ocrx_word' id='word_1_125' title='bbox 911 1690 986 1750; x_wconf 87' lang='lat' dir='ltr'>quae</span> <span class='ocrx_word' id='word_1_126' title='bbox 1020 1677 1106 1735; x_wconf 88' lang='lat' dir='ltr'>inl&#39;ea.</span> <span class='ocrx_word' id='word_1_127' title='bbox 1118 1672 1240 1735; x_wconf 79' lang='lat' dir='ltr'>Etsttsca</span> <span class='ocrx_word' id='word_1_128' title='bbox 1251 1671 1350 1735; x_wconf 73' lang='lat' dir='ltr'>HAT.</span> <span class='ocrx_word' id='word_1_129' title='bbox 1369 1670 1431 1731; x_wconf 89' lang='lat' dir='ltr'>hoc</span> <span class='ocrx_word' id='word_1_130' title='bbox 1447 1670 1502 1740; x_wconf 81' lang='lat' dir='ltr'>eit,</span> <span class='ocrx_word' id='word_1_131' title='bbox 1513 1664 1605 1726; x_wconf 77' lang='lat' dir='ltr'>‚seus-</span> 
     </span>
     <span class='ocr_line' id='line_1_15' title="bbox 391 1746 1607 1831; baseline -0.008 -16"><span class='ocrx_word' id='word_1_132' title='bbox 391 1769 491 1815; x_wconf 85' lang='lat' dir='ltr'>tamen</span> <span class='ocrx_word' id='word_1_133' title='bbox 507 1755 704 1826; x_wconf 78' lang='lat' dir='ltr'>respondebat</span> <span class='ocrx_word' id='word_1_134' title='bbox 720 1756 803 1815; x_wconf 82' lang='lat' dir='ltr'>xlll.</span> <span class='ocrx_word' id='word_1_135' title='bbox 822 1772 858 1814; x_wconf 90' lang='lat' dir='ltr'>ex</span> <span class='ocrx_word' id='word_1_136' title='bbox 877 1756 986 1814; x_wconf 85' lang='lat' dir='ltr'>nolitis</span> <span class='ocrx_word' id='word_1_137' title='bbox 1020 1759 1104 1814; x_wconf 85' lang='lat' dir='ltr'>sinn.</span> <span class='ocrx_word' id='word_1_138' title='bbox 1123 1770 1249 1831; x_wconf 85' lang='lat' dir='ltr'>quorum</span> <span class='ocrx_word' id='word_1_139' title='bbox 1267 1752 1390 1827; x_wconf 80' lang='lat' dir='ltr'>antiqua</span> <span class='ocrx_word' id='word_1_140' title='bbox 1410 1752 1483 1809; x_wconf 85' lang='lat' dir='ltr'>vrbs</span> <span class='ocrx_word' id='word_1_141' title='bbox 1506 1750 1536 1809; x_wconf 92' lang='lat' dir='ltr'>in</span> <span class='ocrx_word' id='word_1_142' title='bbox 1558 1746 1607 1805; x_wconf 88' lang='lat' dir='ltr'>Ve-</span> 
     </span>
     <span class='ocr_line' id='line_1_16' title="bbox 394 1830 1608 1908; baseline -0.005 -15"><span class='ocrx_word' id='word_1_143' title='bbox 394 1834 493 1893; x_wconf 80' lang='lat' dir='ltr'>vnciis</span> <span class='ocrx_word' id='word_1_144' title='bbox 531 1835 612 1893; x_wconf 76' lang='lat' dir='ltr'>iuxta</span> <span class='ocrx_word' id='word_1_145' title='bbox 654 1838 771 1908; x_wconf 84' lang='lat' dir='ltr'>pondus</span> <span class='ocrx_word' id='word_1_146' title='bbox 805 1837 987 1896; x_wconf 85' lang='lat' dir='ltr'>Romanum.</span> <span class='ocrx_word' id='word_1_147' title='bbox 1022 1838 1101 1897; x_wconf 91' lang='lat' dir='ltr'>netia</span> <span class='ocrx_word' id='word_1_148' title='bbox 1126 1835 1205 1895; x_wconf 87' lang='lat' dir='ltr'>eirca</span> <span class='ocrx_word' id='word_1_149' title='bbox 1231 1833 1356 1907; x_wconf 85' lang='lat' dir='ltr'>paludes</span> <span class='ocrx_word' id='word_1_150' title='bbox 1386 1830 1458 1889; x_wconf 83' lang='lat' dir='ltr'>Padi</span> <span class='ocrx_word' id='word_1_151' title='bbox 1493 1830 1608 1889; x_wconf 84' lang='lat' dir='ltr'>fluminis</span> 
     </span>
     <span class='ocr_line' id='line_1_17' title="bbox 393 1909 1608 1994; baseline -0.007 -19"><span class='ocrx_word' id='word_1_152' title='bbox 393 1914 636 1989; x_wconf 77' lang='lat' dir='ltr'>Hinccolligitnr</span> <span class='ocrx_word' id='word_1_153' title='bbox 648 1916 719 1976; x_wconf 84' lang='lat' dir='ltr'>asses</span> <span class='ocrx_word' id='word_1_154' title='bbox 737 1916 858 1976; x_wconf 89' lang='lat' dir='ltr'>maioris</span> <span class='ocrx_word' id='word_1_155' title='bbox 873 1916 988 1989; x_wconf 88' lang='lat' dir='ltr'>ponde·</span> <span class='ocrx_word' id='word_1_156' title='bbox 1021 1916 1143 1976; x_wconf 85' lang='lat' dir='ltr'>coaluit.</span> <span class='ocrx_word' id='word_1_157' title='bbox 1168 1944 1211 1959; x_wconf 91' lang='lat'><em>-</em></span> <span class='ocrx_word' id='word_1_158' title='bbox 1250 1914 1287 1994; x_wconf 91' lang='lat' dir='ltr'>e)</span> <span class='ocrx_word' id='word_1_159' title='bbox 1317 1909 1517 1969; x_wconf 68' lang='lat' dir='ltr'>ernastus.</span> <span class='ocrx_word' id='word_1_160' title='bbox 1558 1910 1608 1969; x_wconf 79' lang='lat' dir='ltr'>Ca·</span> 
     </span>
     <span class='ocr_line' id='line_1_18' title="bbox 394 1990 1609 2070; baseline -0.006 -15"><span class='ocrx_word' id='word_1_161' title='bbox 394 1994 437 2055; x_wconf 82' lang='lat' dir='ltr'>ris</span> <span class='ocrx_word' id='word_1_162' title='bbox 452 1992 542 2070; x_wconf 64' lang='lat' dir='ltr'>vluue</span> <span class='ocrx_word' id='word_1_163' title='bbox 558 1997 595 2053; x_wconf 82' lang='lat' dir='ltr'>ad</span> <span class='ocrx_word' id='word_1_164' title='bbox 612 1996 784 2057; x_wconf 81' lang='lat' dir='ltr'>vneiasXX.</span> <span class='ocrx_word' id='word_1_165' title='bbox 798 1996 988 2069; x_wconf 84' lang='lat' dir='ltr'>pompaticos</span> <span class='ocrx_word' id='word_1_166' title='bbox 1023 2012 1154 2067; x_wconf 84' lang='lat' dir='ltr'>martes,</span> <span class='ocrx_word' id='word_1_167' title='bbox 1176 1994 1206 2053; x_wconf 92' lang='lat' dir='ltr'>id</span> <span class='ocrx_word' id='word_1_168' title='bbox 1222 1993 1281 2066; x_wconf 90' lang='lat' dir='ltr'>est,</span> <span class='ocrx_word' id='word_1_169' title='bbox 1304 1992 1418 2053; x_wconf 80' lang='lat' dir='ltr'>Clusini</span> <span class='ocrx_word' id='word_1_170' title='bbox 1434 1990 1609 2052; x_wconf 74' lang='lat' dir='ltr'>innotescunt</span> 
     </span>
     <span class='ocr_line' id='line_1_19' title="bbox 392 2068 1609 2153; baseline -0.007 -16"><span class='ocrx_word' id='word_1_171' title='bbox 392 2072 487 2137; x_wconf 80' lang='lat' dir='ltr'>soille.</span> <span class='ocrx_word' id='word_1_172' title='bbox 507 2076 595 2139; x_wconf 84' lang='lat' dir='ltr'>Bello</span> <span class='ocrx_word' id='word_1_173' title='bbox 611 2074 725 2136; x_wconf 84' lang='lat' dir='ltr'>Punico</span> <span class='ocrx_word' id='word_1_174' title='bbox 742 2077 838 2150; x_wconf 88' lang='lat' dir='ltr'>primo</span> <span class='ocrx_word' id='word_1_175' title='bbox 859 2090 989 2151; x_wconf 85' lang='lat' dir='ltr'>a0.490.</span> <span class='ocrx_word' id='word_1_176' title='bbox 1024 2094 1061 2137; x_wconf 90' lang='lat' dir='ltr'>ex</span> <span class='ocrx_word' id='word_1_177' title='bbox 1084 2092 1174 2136; x_wconf 89' lang='lat' dir='ltr'>numo</span> <span class='ocrx_word' id='word_1_178' title='bbox 1192 2074 1332 2153; x_wconf 78' lang='lat' dir='ltr'>Art&#39;gosuo</span> <span class='ocrx_word' id='word_1_179' title='bbox 1357 2072 1430 2131; x_wconf 87' lang='lat' dir='ltr'>hiae</span> <span class='ocrx_word' id='word_1_180' title='bbox 1456 2072 1527 2133; x_wconf 90' lang='lat' dir='ltr'>iude</span> <span class='ocrx_word' id='word_1_181' title='bbox 1544 2068 1609 2129; x_wconf 84' lang='lat' dir='ltr'>obst·</span> 
     </span>
     <span class='ocr_line' id='line_1_20' title="bbox 394 2150 1612 2234; baseline -0.006 -19"><span class='ocrx_word' id='word_1_182' title='bbox 394 2154 526 2215; x_wconf 87' lang='lat' dir='ltr'>Romani</span> <span class='ocrx_word' id='word_1_183' title='bbox 536 2155 619 2214; x_wconf 85' lang='lat' dir='ltr'>aliem</span> <span class='ocrx_word' id='word_1_184' title='bbox 630 2173 666 2215; x_wconf 79' lang='lat' dir='ltr'>ex</span> <span class='ocrx_word' id='word_1_185' title='bbox 677 2158 774 2216; x_wconf 86' lang='lat' dir='ltr'>librali</span> <span class='ocrx_word' id='word_1_186' title='bbox 791 2158 827 2216; x_wconf 85' lang='lat' dir='ltr'>ad</span> <span class='ocrx_word' id='word_1_187' title='bbox 846 2158 918 2215; x_wconf 86' lang='lat' dir='ltr'>duas</span> <span class='ocrx_word' id='word_1_188' title='bbox 935 2173 990 2214; x_wconf 88' lang='lat' dir='ltr'>vn·</span> <span class='ocrx_word' id='word_1_189' title='bbox 1024 2171 1114 2234; x_wconf 77' lang='lat' dir='ltr'>gnato</span> <span class='ocrx_word' id='word_1_190' title='bbox 1129 2157 1256 2233; x_wconf 84' lang='lat' dir='ltr'>imagIne</span> <span class='ocrx_word' id='word_1_191' title='bbox 1276 2154 1361 2229; x_wconf 85' lang='lat' dir='ltr'>apri,</span> <span class='ocrx_word' id='word_1_192' title='bbox 1385 2152 1437 2229; x_wconf 90' lang='lat' dir='ltr'>qui</span> <span class='ocrx_word' id='word_1_193' title='bbox 1451 2170 1557 2213; x_wconf 87' lang='lat' dir='ltr'>ntunus</span> <span class='ocrx_word' id='word_1_194' title='bbox 1570 2150 1612 2209; x_wconf 88' lang='lat' dir='ltr'>sed</span> 
     </span>
     <span class='ocr_line' id='line_1_21' title="bbox 397 2230 1612 2311; baseline -0.003 -18"><span class='ocrx_word' id='word_1_195' title='bbox 397 2236 459 2294; x_wconf 87' lang='lat' dir='ltr'>cias</span> <span class='ocrx_word' id='word_1_196' title='bbox 475 2242 663 2309; x_wconf 74' lang='lat' dir='ltr'>redegerunt.</span> <span class='ocrx_word' id='word_1_197' title='bbox 695 2238 793 2297; x_wconf 78' lang='lat' dir='ltr'>Error</span> <span class='ocrx_word' id='word_1_198' title='bbox 807 2232 881 2311; x_wconf 80' lang='lat' dir='ltr'>Fessi</span> <span class='ocrx_word' id='word_1_199' title='bbox 891 2253 989 2297; x_wconf 87' lang='lat' dir='ltr'>emen·</span> <span class='ocrx_word' id='word_1_200' title='bbox 1024 2240 1182 2297; x_wconf 70' lang='lat' dir='ltr'>illiteratus</span> <span class='ocrx_word' id='word_1_201' title='bbox 1197 2236 1285 2296; x_wconf 87' lang='lat' dir='ltr'>facile</span> <span class='ocrx_word' id='word_1_202' title='bbox 1303 2234 1439 2293; x_wconf 88' lang='lat' dir='ltr'>occurrit</span> <span class='ocrx_word' id='word_1_203' title='bbox 1453 2230 1612 2301; x_wconf 80' lang='lat' dir='ltr'>inmuseis·,</span> 
     </span>
     <span class='ocr_line' id='line_1_22' title="bbox 397 2310 1613 2387; baseline -0.003 -14"><span class='ocrx_word' id='word_1_204' title='bbox 397 2315 495 2375; x_wconf 88' lang='lat' dir='ltr'>datur.</span> <span class='ocrx_word' id='word_1_205' title='bbox 536 2317 621 2375; x_wconf 86' lang='lat' dir='ltr'>Bello</span> <span class='ocrx_word' id='word_1_206' title='bbox 647 2317 759 2377; x_wconf 87' lang='lat' dir='ltr'>Punico</span> <span class='ocrx_word' id='word_1_207' title='bbox 782 2316 911 2379; x_wconf 86' lang='lat' dir='ltr'>secundo</span> <span class='ocrx_word' id='word_1_208' title='bbox 938 2332 986 2374; x_wconf 87' lang='lat' dir='ltr'>ao.</span> <span class='ocrx_word' id='word_1_209' title='bbox 1025 2330 1302 2379; x_wconf 82' lang='lat' dir='ltr'>nutatusvcrocum</span> <span class='ocrx_word' id='word_1_210' title='bbox 1319 2310 1613 2387; x_wconf 78' lang='lat' dir='ltr'>inscripttoaeltall.</span> 
     </span>
     <span class='ocr_line' id='line_1_23' title="bbox 397 2394 1614 2471; baseline -0.005 -16"><span class='ocrx_word' id='word_1_211' title='bbox 397 2395 466 2470; x_wconf 82' lang='lat'>536.</span> <span class='ocrx_word' id='word_1_212' title='bbox 489 2395 560 2455; x_wconf 88' lang='lat' dir='ltr'>alles</span> <span class='ocrx_word' id='word_1_213' title='bbox 575 2396 611 2455; x_wconf 90' lang='lat' dir='ltr'>ad</span> <span class='ocrx_word' id='word_1_214' title='bbox 627 2397 742 2456; x_wconf 85' lang='lat' dir='ltr'>unicam</span> <span class='ocrx_word' id='word_1_215' title='bbox 761 2397 877 2456; x_wconf 85' lang='lat' dir='ltr'>vncIam</span> <span class='ocrx_word' id='word_1_216' title='bbox 894 2396 990 2456; x_wconf 90' lang='lat' dir='ltr'>immi·</span> <span class='ocrx_word' id='word_1_217' title='bbox 1023 2399 1053 2457; x_wconf 93' lang='lat' dir='ltr'>ln</span> <span class='ocrx_word' id='word_1_218' title='bbox 1071 2416 1131 2457; x_wconf 90' lang='lat' dir='ltr'>vno</span> <span class='ocrx_word' id='word_1_219' title='bbox 1147 2397 1247 2456; x_wconf 90' lang='lat' dir='ltr'>museo</span> <span class='ocrx_word' id='word_1_220' title='bbox 1263 2394 1414 2471; x_wconf 75' lang='lat' dir='ltr'>ArIgunlu</span> <span class='ocrx_word' id='word_1_221' title='bbox 1427 2394 1526 2455; x_wconf 84' lang='lat' dir='ltr'>adlruc</span> <span class='ocrx_word' id='word_1_222' title='bbox 1541 2394 1614 2453; x_wconf 88' lang='lat' dir='ltr'>inue-</span> 
     </span>
     <span class='ocr_line' id='line_1_24' title="bbox 393 2472 1614 2613; baseline -0.005 -76"><span class='ocrx_word' id='word_1_223' title='bbox 393 2476 472 2537; x_wconf 84' lang='lat' dir='ltr'>uuti.</span> <span class='ocrx_word' id='word_1_224' title='bbox 514 2476 638 2534; x_wconf 89' lang='lat' dir='ltr'>Denmm</span> <span class='ocrx_word' id='word_1_225' title='bbox 663 2478 728 2552; x_wconf 76' lang='lat' dir='ltr'>Iege</span> <span class='ocrx_word' id='word_1_226' title='bbox 761 2477 915 2551; x_wconf 85' lang='lat' dir='ltr'>PapIrIana</span> <span class='ocrx_word' id='word_1_227' title='bbox 941 2494 991 2535; x_wconf 91' lang='lat' dir='ltr'>ao.</span> <span class='ocrx_word' id='word_1_228' title='bbox 1024 2481 1115 2540; x_wconf 89' lang='lat' dir='ltr'>nitur.</span> <span class='ocrx_word' id='word_1_229' title='bbox 1138 2508 1177 2523; x_wconf 92' lang='lat'><em>-</em></span> <span class='ocrx_word' id='word_1_230' title='bbox 1217 2476 1254 2613; x_wconf 62' lang='lat' dir='ltr'>d?</span> <span class='ocrx_word' id='word_1_231' title='bbox 1279 2472 1477 2535; x_wconf 75' lang='lat' dir='ltr'>scamnorum.</span> <span class='ocrx_word' id='word_1_232' title='bbox 1511 2472 1614 2533; x_wconf 86' lang='lat' dir='ltr'>Icuuim&#39;</span> 
     </span>
     <span class='ocr_line' id='line_1_25' title="bbox 397 2555 1615 2636; baseline 0 -23"><span class='ocrx_word' id='word_1_233' title='bbox 397 2556 457 2629; x_wconf 78' lang='lat'>563</span> <span class='ocrx_word' id='word_1_234' title='bbox 493 2556 696 2616; x_wconf 83' lang='lat' dir='ltr'>semiunciales</span> <span class='ocrx_word' id='word_1_235' title='bbox 722 2557 917 2631; x_wconf 87' lang='lat' dir='ltr'>prodierunt,</span> <span class='ocrx_word' id='word_1_236' title='bbox 940 2574 990 2615; x_wconf 87' lang='lat' dir='ltr'>cu·</span> <span class='ocrx_word' id='word_1_237' title='bbox 1025 2576 1133 2620; x_wconf 90' lang='lat' dir='ltr'>numen</span> <span class='ocrx_word' id='word_1_238' title='bbox 1158 2558 1268 2636; x_wconf 76' lang='lat' dir='ltr'>gentle</span> <span class='ocrx_word' id='word_1_239' title='bbox 1295 2556 1336 2617; x_wconf 85' lang='lat' dir='ltr'>est</span> <span class='ocrx_word' id='word_1_240' title='bbox 1364 2558 1403 2616; x_wconf 85' lang='lat' dir='ltr'>ab</span> <span class='ocrx_word' id='word_1_241' title='bbox 1433 2555 1551 2617; x_wconf 86' lang='lat' dir='ltr'>Icuuiu.</span> <span class='ocrx_word' id='word_1_242' title='bbox 1581 2574 1615 2597; x_wconf 75' lang='lat'>·⁴</span> 
     </span>
     <span class='ocr_line' id='line_1_26' title="bbox 397 2634 1616 2720; baseline -0.002 -25"><span class='ocrx_word' id='word_1_243' title='bbox 397 2636 628 2711; x_wconf 81' lang='lat' dir='ltr'>iusmodivsque</span> <span class='ocrx_word' id='word_1_244' title='bbox 648 2638 861 2697; x_wconf 79' lang='lat' dir='ltr'>suentteasum</span> <span class='ocrx_word' id='word_1_245' title='bbox 879 2638 990 2697; x_wconf 87' lang='lat' dir='ltr'>Roma·</span> <span class='ocrx_word' id='word_1_246' title='bbox 1026 2640 1062 2720; x_wconf 84' lang='lat' dir='ltr'>e)</span> <span class='ocrx_word' id='word_1_247' title='bbox 1103 2636 1373 2696; x_wconf 75' lang='lat' dir='ltr'>Volaterranorum.</span> <span class='ocrx_word' id='word_1_248' title='bbox 1421 2634 1616 2711; x_wconf 67' lang='lat' dir='ltr'>Volaterrae</span> 
     </span>
     <span class='ocr_line' id='line_1_27' title="bbox 394 2714 1616 2781; baseline -0.002 -7"><span class='ocrx_word' id='word_1_249' title='bbox 394 2730 451 2774; x_wconf 86' lang='lat' dir='ltr'>nae</span> <span class='ocrx_word' id='word_1_250' title='bbox 465 2715 613 2777; x_wconf 82' lang='lat' dir='ltr'>libertatis</span> <span class='ocrx_word' id='word_1_251' title='bbox 630 2716 687 2778; x_wconf 87' lang='lat' dir='ltr'>cust</span> <span class='ocrx_word' id='word_1_252' title='bbox 706 2718 781 2777; x_wconf 87' lang='lat' dir='ltr'>sum.</span> <span class='ocrx_word' id='word_1_253' title='bbox 832 2718 866 2778; x_wconf 88' lang='lat' dir='ltr'>C·</span> <span class='ocrx_word' id='word_1_254' title='bbox 881 2716 992 2777; x_wconf 68' lang='lat' dir='ltr'>niestu-</span> <span class='ocrx_word' id='word_1_255' title='bbox 1026 2720 1171 2781; x_wconf 84' lang='lat' dir='ltr'>Romanis</span> <span class='ocrx_word' id='word_1_256' title='bbox 1188 2719 1265 2779; x_wconf 71' lang='lat' dir='ltr'>diela</span> <span class='ocrx_word' id='word_1_257' title='bbox 1291 2714 1411 2777; x_wconf 85' lang='lat' dir='ltr'>Vesarre&#39;</span> <span class='ocrx_word' id='word_1_258' title='bbox 1432 2718 1616 2777; x_wconf 80' lang='lat' dir='ltr'>celeberrime</span> 
     </span>
     <span class='ocr_line' id='line_1_28' title="bbox 396 2796 1617 2875; baseline 0.002 -23"><span class='ocrx_word' id='word_1_259' title='bbox 396 2811 431 2853; x_wconf 89' lang='lat' dir='ltr'>ra</span> <span class='ocrx_word' id='word_1_260' title='bbox 457 2796 633 2869; x_wconf 82' lang='lat' dir='ltr'>adducitur,</span> <span class='ocrx_word' id='word_1_261' title='bbox 662 2810 693 2857; x_wconf 89' lang='lat' dir='ltr'>et</span> <span class='ocrx_word' id='word_1_262' title='bbox 717 2798 897 2875; x_wconf 80' lang='lat' dir='ltr'>argumentis</span> <span class='ocrx_word' id='word_1_263' title='bbox 918 2814 993 2857; x_wconf 91' lang='lat' dir='ltr'>con·</span> <span class='ocrx_word' id='word_1_264' title='bbox 1026 2800 1217 2861; x_wconf 88' lang='lat' dir='ltr'>Etruscorum</span> <span class='ocrx_word' id='word_1_265' title='bbox 1260 2800 1358 2869; x_wconf 85' lang='lat' dir='ltr'>vrbs,</span> <span class='ocrx_word' id='word_1_266' title='bbox 1401 2810 1617 2871; x_wconf 83' lang='lat' dir='ltr'>ceterarumque</span> 
     </span>
     <span class='ocr_line' id='line_1_29' title="bbox 398 2876 1618 2953; baseline 0.001 -20"><span class='ocrx_word' id='word_1_267' title='bbox 398 2876 554 2947; x_wconf 84' lang='lat' dir='ltr'>firmatur,</span> <span class='ocrx_word' id='word_1_268' title='bbox 583 2879 663 2953; x_wconf 92' lang='lat' dir='ltr'>quod</span> <span class='ocrx_word' id='word_1_269' title='bbox 683 2880 760 2937; x_wconf 88' lang='lat' dir='ltr'>inter</span> <span class='ocrx_word' id='word_1_270' title='bbox 792 2877 877 2937; x_wconf 90' lang='lat' dir='ltr'>assem</span> <span class='ocrx_word' id='word_1_271' title='bbox 902 2878 993 2937; x_wconf 65' lang='lat' dir='ltr'>libra.</span> <span class='ocrx_word' id='word_1_272' title='bbox 1027 2882 1159 2941; x_wconf 91' lang='lat' dir='ltr'>omnium</span> <span class='ocrx_word' id='word_1_273' title='bbox 1175 2880 1404 2951; x_wconf 78' lang='lat' dir='ltr'>opulentissima,</span> <span class='ocrx_word' id='word_1_274' title='bbox 1427 2880 1618 2939; x_wconf 88' lang='lat' dir='ltr'>cuiusmtmo·</span> 
     </span>
     <span class='ocr_line' id='line_1_30' title="bbox 398 2955 1618 3036; baseline 0.001 -22"><span class='ocrx_word' id='word_1_275' title='bbox 398 2955 481 3027; x_wconf 87' lang='lat' dir='ltr'>Iem,</span> <span class='ocrx_word' id='word_1_276' title='bbox 498 2971 529 3017; x_wconf 89' lang='lat' dir='ltr'>et</span> <span class='ocrx_word' id='word_1_277' title='bbox 544 2957 729 3019; x_wconf 85' lang='lat' dir='ltr'>dtmucialcm</span> <span class='ocrx_word' id='word_1_278' title='bbox 745 2960 846 3033; x_wconf 86' lang='lat' dir='ltr'>plures</span> <span class='ocrx_word' id='word_1_279' title='bbox 863 2960 992 3018; x_wconf 87' lang='lat' dir='ltr'>lntctue·</span> <span class='ocrx_word' id='word_1_280' title='bbox 1026 2979 1091 3023; x_wconf 89' lang='lat' dir='ltr'>rum</span> <span class='ocrx_word' id='word_1_281' title='bbox 1109 2974 1251 3035; x_wconf 84' lang='lat' dir='ltr'>perpetua</span> <span class='ocrx_word' id='word_1_282' title='bbox 1271 2958 1395 3036; x_wconf 75' lang='lat' dir='ltr'>insigma</span> <span class='ocrx_word' id='word_1_283' title='bbox 1412 2976 1449 3020; x_wconf 88' lang='lat' dir='ltr'>ex</span> <span class='ocrx_word' id='word_1_284' title='bbox 1466 2976 1526 3019; x_wconf 85' lang='lat' dir='ltr'>vna</span> <span class='ocrx_word' id='word_1_285' title='bbox 1544 2970 1618 3033; x_wconf 85' lang='lat' dir='ltr'>parte</span> 
     </span>
     <span class='ocr_line' id='line_1_31' title="bbox 398 3036 1619 3113; baseline 0 -18"><span class='ocrx_word' id='word_1_286' title='bbox 398 3036 498 3095; x_wconf 87' lang='lat' dir='ltr'>nerint</span> <span class='ocrx_word' id='word_1_287' title='bbox 526 3037 733 3098; x_wconf 78' lang='lat' dir='ltr'>consecuturae</span> <span class='ocrx_word' id='word_1_288' title='bbox 762 3040 993 3101; x_wconf 79' lang='lat' dir='ltr'>deminutiones.</span> <span class='ocrx_word' id='word_1_289' title='bbox 1029 3040 1116 3101; x_wconf 89' lang='lat' dir='ltr'>lanus</span> <span class='ocrx_word' id='word_1_290' title='bbox 1135 3042 1260 3113; x_wconf 82' lang='lat' dir='ltr'>biceps,</span> <span class='ocrx_word' id='word_1_291' title='bbox 1280 3058 1317 3099; x_wconf 75' lang='lat' dir='ltr'>ea</span> <span class='ocrx_word' id='word_1_292' title='bbox 1343 3041 1439 3099; x_wconf 88' lang='lat' dir='ltr'>altera</span> <span class='ocrx_word' id='word_1_293' title='bbox 1458 3056 1566 3099; x_wconf 91' lang='lat' dir='ltr'>nomen</span> <span class='ocrx_word' id='word_1_294' title='bbox 1585 3038 1619 3095; x_wconf 89' lang='lat' dir='ltr'>ci·</span> 
     </span>
     <span class='ocr_line' id='line_1_32' title="bbox 403 3114 1618 3197; baseline 0.001 -23"><span class='ocrx_word' id='word_1_295' title='bbox 403 3114 569 3197; x_wconf 79' lang='lat' dir='ltr'>Schiaegtri</span> <span class='ocrx_word' id='word_1_296' title='bbox 589 3122 732 3179; x_wconf 86' lang='lat' dir='ltr'>sententia</span> <span class='ocrx_word' id='word_1_297' title='bbox 747 3120 942 3193; x_wconf 88' lang='lat' dir='ltr'>expenditur.</span> <span class='ocrx_word' id='word_1_298' title='bbox 964 3134 994 3179; x_wconf 93' lang='lat' dir='ltr'>et</span> <span class='ocrx_word' id='word_1_299' title='bbox 1027 3123 1129 3182; x_wconf 83' lang='lat' dir='ltr'>uitatis</span> <span class='ocrx_word' id='word_1_300' title='bbox 1149 3138 1216 3181; x_wconf 91' lang='lat' dir='ltr'>cum</span> <span class='ocrx_word' id='word_1_301' title='bbox 1244 3120 1476 3187; x_wconf 68' lang='lat' dir='ltr'>nominalistis,</span> <span class='ocrx_word' id='word_1_302' title='bbox 1498 3118 1618 3197; x_wconf 85' lang='lat' dir='ltr'>quando·</span> 
     </span>
     <span class='ocr_line' id='line_1_33' title="bbox 399 3198 1621 3279; baseline 0.001 -22"><span class='ocrx_word' id='word_1_303' title='bbox 399 3198 558 3257; x_wconf 77' lang='lat' dir='ltr'>refellitur.</span> <span class='ocrx_word' id='word_1_304' title='bbox 591 3231 627 3244; x_wconf 93' lang='lat'>-</span> <span class='ocrx_word' id='word_1_305' title='bbox 670 3201 745 3275; x_wconf 87' lang='lat' dir='ltr'>Cap.</span> <span class='ocrx_word' id='word_1_306' title='bbox 769 3199 808 3261; x_wconf 91' lang='lat' dir='ltr'>V.</span> <span class='ocrx_word' id='word_1_307' title='bbox 831 3200 993 3272; x_wconf 83' lang='lat' dir='ltr'>Multiplici</span> <span class='ocrx_word' id='word_1_308' title='bbox 1029 3220 1086 3279; x_wconf 88' lang='lat' dir='ltr'>que</span> <span class='ocrx_word' id='word_1_309' title='bbox 1113 3218 1180 3261; x_wconf 91' lang='lat' dir='ltr'>cum</span> <span class='ocrx_word' id='word_1_310' title='bbox 1204 3203 1310 3271; x_wconf 84' lang='lat' dir='ltr'>claua,</span> <span class='ocrx_word' id='word_1_311' title='bbox 1342 3216 1395 3260; x_wconf 84' lang='lat' dir='ltr'>aut</span> <span class='ocrx_word' id='word_1_312' title='bbox 1416 3200 1568 3275; x_wconf 80' lang='lat' dir='ltr'>delphine.</span> <span class='ocrx_word' id='word_1_313' title='bbox 1589 3224 1621 3241; x_wconf 89' lang='lat'>··</span> 
     </span>
     <span class='ocr_line' id='line_1_34' title="bbox 397 3279 1619 3363; baseline 0.002 -27"><span class='ocrx_word' id='word_1_314' title='bbox 397 3279 725 3352; x_wconf 67' lang='lat' dir='ltr'>rationeconsiituitm,</span> <span class='ocrx_word' id='word_1_315' title='bbox 747 3297 896 3340; x_wconf 86' lang='lat' dir='ltr'>monetam</span> <span class='ocrx_word' id='word_1_316' title='bbox 908 3282 994 3340; x_wconf 89' lang='lat' dir='ltr'>Etru·</span> <span class='ocrx_word' id='word_1_317' title='bbox 1029 3282 1063 3363; x_wconf 85' lang='lat' dir='ltr'>s)</span> <span class='ocrx_word' id='word_1_318' title='bbox 1092 3281 1340 3351; x_wconf 75' lang='lat' dir='ltr'>Telamoniarun,</span> <span class='ocrx_word' id='word_1_319' title='bbox 1362 3292 1619 3357; x_wconf 76' lang='lat' dir='ltr'>qarorumnumum</span> 
     </span>
     <span class='ocr_line' id='line_1_35' title="bbox 399 3356 1618 3437; baseline 0 -20"><span class='ocrx_word' id='word_1_320' title='bbox 399 3356 477 3417; x_wconf 82' lang='lat' dir='ltr'>scant</span> <span class='ocrx_word' id='word_1_321' title='bbox 520 3360 633 3419; x_wconf 84' lang='lat' dir='ltr'>casdem</span> <span class='ocrx_word' id='word_1_322' title='bbox 669 3358 876 3418; x_wconf 66' lang='lat' dir='ltr'>destitutiones</span> <span class='ocrx_word' id='word_1_323' title='bbox 916 3363 995 3418; x_wconf 79' lang='lat' dir='ltr'>cista</span> <span class='ocrx_word' id='word_1_324' title='bbox 1030 3365 1156 3437; x_wconf 86' lang='lat' dir='ltr'>protulit</span> <span class='ocrx_word' id='word_1_325' title='bbox 1174 3360 1324 3421; x_wconf 73' lang='lat' dir='ltr'>osnes-ins</span> <span class='ocrx_word' id='word_1_326' title='bbox 1341 3378 1408 3421; x_wconf 89' lang='lat' dir='ltr'>cum</span> <span class='ocrx_word' id='word_1_327' title='bbox 1438 3362 1538 3437; x_wconf 87' lang='lat' dir='ltr'>capite</span> <span class='ocrx_word' id='word_1_328' title='bbox 1556 3358 1618 3419; x_wconf 84' lang='lat' dir='ltr'>tasi.</span> 
     </span>
     <span class='ocr_line' id='line_1_36' title="bbox 396 3438 1619 3525; baseline 0.004 -31"><span class='ocrx_word' id='word_1_329' title='bbox 396 3438 510 3521; x_wconf 75' lang='lat' dir='ltr'>pendeas</span> <span class='ocrx_word' id='word_1_330' title='bbox 535 3442 595 3511; x_wconf 83' lang='lat' dir='ltr'>pmi</span> <span class='ocrx_word' id='word_1_331' title='bbox 618 3441 767 3507; x_wconf 84' lang='lat' dir='ltr'>debuisse,</span> <span class='ocrx_word' id='word_1_332' title='bbox 801 3458 875 3517; x_wconf 86' lang='lat' dir='ltr'>quas</span> <span class='ocrx_word' id='word_1_333' title='bbox 897 3442 996 3501; x_wconf 87' lang='lat' dir='ltr'>sentiit</span> <span class='ocrx_word' id='word_1_334' title='bbox 1030 3441 1070 3525; x_wconf 79' lang='lat'>)(</span> <span class='ocrx_word' id='word_1_335' title='bbox 1089 3440 1619 3517; x_wconf 69' lang='lat' dir='ltr'>Nauisprora,cumlcmmattsl.d.</span> 
     </span>
     <span class='ocr_line' id='line_1_37' title="bbox 400 3520 1621 3599; baseline 0.001 -23"><span class='ocrx_word' id='word_1_336' title='bbox 400 3534 521 3577; x_wconf 88' lang='lat' dir='ltr'>moneta</span> <span class='ocrx_word' id='word_1_337' title='bbox 541 3521 756 3581; x_wconf 87' lang='lat' dir='ltr'>Rutnmmrum.</span> <span class='ocrx_word' id='word_1_338' title='bbox 779 3554 819 3565; x_wconf 94' lang='lat'>-</span> <span class='ocrx_word' id='word_1_339' title='bbox 847 3522 996 3594; x_wconf 77' lang='lat' dir='ltr'>Capvl.</span> <span class='ocrx_word' id='word_1_340' title='bbox 1032 3543 1093 3599; x_wconf 88' lang='lat' dir='ltr'>quo</span> <span class='ocrx_word' id='word_1_341' title='bbox 1123 3520 1316 3582; x_wconf 77' lang='lat' dir='ltr'>Telamonium</span> <span class='ocrx_word' id='word_1_342' title='bbox 1352 3524 1500 3596; x_wconf 88' lang='lat' dir='ltr'>oppidum</span> <span class='ocrx_word' id='word_1_343' title='bbox 1528 3524 1556 3581; x_wconf 95' lang='lat' dir='ltr'>in</span> <span class='ocrx_word' id='word_1_344' title='bbox 1577 3532 1621 3579; x_wconf 84' lang='lat' dir='ltr'>urs</span> 
     </span>
     <span class='ocr_line' id='line_1_38' title="bbox 404 3596 1621 3681; baseline -0.001 -22"><span class='ocrx_word' id='word_1_345' title='bbox 404 3596 498 3659; x_wconf 86' lang='lat' dir='ltr'>Numi</span> <span class='ocrx_word' id='word_1_346' title='bbox 509 3596 684 3681; x_wconf 79' lang='lat' dir='ltr'>Campaniae</span> <span class='ocrx_word' id='word_1_347' title='bbox 700 3600 831 3681; x_wconf 88' lang='lat' dir='ltr'>Magnae</span> <span class='ocrx_word' id='word_1_348' title='bbox 843 3600 997 3674; x_wconf 80' lang='lat' dir='ltr'>Graeciae,</span> <span class='ocrx_word' id='word_1_349' title='bbox 1030 3605 1144 3666; x_wconf 84' lang='lat' dir='ltr'>Etrusci</span> <span class='ocrx_word' id='word_1_350' title='bbox 1164 3605 1252 3665; x_wconf 80' lang='lat' dir='ltr'>marla</span> <span class='ocrx_word' id='word_1_351' title='bbox 1269 3603 1395 3663; x_wconf 88' lang='lat' dir='ltr'>indicari</span> <span class='ocrx_word' id='word_1_352' title='bbox 1409 3598 1621 3676; x_wconf 76' lang='lat' dir='ltr'>auspicatum.</span> 
     </span>
     <span class='ocr_line' id='line_1_39' title="bbox 400 3676 1621 3769; baseline 0 -30"><span class='ocrx_word' id='word_1_353' title='bbox 400 3676 732 3755; x_wconf 70' lang='lat' dir='ltr'>testamentarius,</span> <span class='ocrx_word' id='word_1_354' title='bbox 761 3696 997 3742; x_wconf 84' lang='lat' dir='ltr'>ttnotatnona-</span> <span class='ocrx_word' id='word_1_355' title='bbox 1031 3716 1070 3730; x_wconf 93' lang='lat'>—</span> <span class='ocrx_word' id='word_1_356' title='bbox 1109 3687 1147 3769; x_wconf 77' lang='lat' dir='ltr'>g)</span> <span class='ocrx_word' id='word_1_357' title='bbox 1180 3678 1364 3759; x_wconf 80' lang='lat' dir='ltr'>Lnaenstusn.</span> <span class='ocrx_word' id='word_1_358' title='bbox 1408 3684 1480 3745; x_wconf 88' lang='lat' dir='ltr'>vna</span> <span class='ocrx_word' id='word_1_359' title='bbox 1511 3684 1567 3745; x_wconf 85' lang='lat' dir='ltr'>suit</span> <span class='ocrx_word' id='word_1_360' title='bbox 1591 3696 1621 3739; x_wconf 82' lang='lat' dir='ltr'>ex</span> 
     </span>
     <span class='ocr_line' id='line_1_40' title="bbox 401 3760 1621 3838; baseline 0.003 -21"><span class='ocrx_word' id='word_1_361' title='bbox 401 3760 455 3818; x_wconf 85' lang='lat' dir='ltr'>tali</span> <span class='ocrx_word' id='word_1_362' title='bbox 473 3760 574 3837; x_wconf 77' lang='lat' dir='ltr'>sigaui</span> <span class='ocrx_word' id='word_1_363' title='bbox 596 3763 704 3822; x_wconf 91' lang='lat' dir='ltr'>suntin</span> <span class='ocrx_word' id='word_1_364' title='bbox 726 3763 842 3821; x_wconf 86' lang='lat' dir='ltr'>ratione</span> <span class='ocrx_word' id='word_1_365' title='bbox 860 3764 921 3821; x_wconf 82' lang='lat' dir='ltr'>assis</span> <span class='ocrx_word' id='word_1_366' title='bbox 943 3781 996 3823; x_wconf 92' lang='lat' dir='ltr'>vn·</span> <span class='ocrx_word' id='word_1_367' title='bbox 1032 3766 1189 3826; x_wconf 85' lang='lat' dir='ltr'>dtsodeeim</span> <span class='ocrx_word' id='word_1_368' title='bbox 1200 3766 1336 3825; x_wconf 78' lang='lat' dir='ltr'>Etrurine</span> <span class='ocrx_word' id='word_1_369' title='bbox 1348 3764 1535 3838; x_wconf 84' lang='lat' dir='ltr'>principibus</span> <span class='ocrx_word' id='word_1_370' title='bbox 1548 3760 1621 3821; x_wconf 69' lang='lat' dir='ltr'>Im</span> 
     </span>
     <span class='ocr_line' id='line_1_41' title="bbox 401 3840 1621 3919; baseline 0.004 -21"><span class='ocrx_word' id='word_1_371' title='bbox 401 3840 511 3899; x_wconf 85' lang='lat' dir='ltr'>ciarum</span> <span class='ocrx_word' id='word_1_372' title='bbox 529 3844 618 3901; x_wconf 86' lang='lat' dir='ltr'>trium</span> <span class='ocrx_word' id='word_1_373' title='bbox 637 3846 728 3919; x_wconf 71' lang='lat' dir='ltr'>vlipuc</span> <span class='ocrx_word' id='word_1_374' title='bbox 744 3845 781 3901; x_wconf 84' lang='lat' dir='ltr'>nd</span> <span class='ocrx_word' id='word_1_375' title='bbox 796 3843 995 3902; x_wconf 83' lang='lat' dir='ltr'>semiunciasm.</span> <span class='ocrx_word' id='word_1_376' title='bbox 1031 3848 1137 3907; x_wconf 85' lang='lat' dir='ltr'>cluitas</span> <span class='ocrx_word' id='word_1_377' title='bbox 1164 3847 1199 3904; x_wconf 87' lang='lat' dir='ltr'>ad</span> <span class='ocrx_word' id='word_1_378' title='bbox 1222 3844 1327 3904; x_wconf 86' lang='lat' dir='ltr'>ollium</span> <span class='ocrx_word' id='word_1_379' title='bbox 1349 3846 1476 3905; x_wconf 76' lang='lat' dir='ltr'>litterae</span> <span class='ocrx_word' id='word_1_380' title='bbox 1494 3843 1621 3907; x_wconf 76' lang='lat' dir='ltr'>numinis</span> 
     </span>
     <span class='ocr_line' id='line_1_42' title="bbox 400 3918 1621 4001; baseline 0.004 -21"><span class='ocrx_word' id='word_1_381' title='bbox 400 3918 526 3980; x_wconf 86' lang='lat' dir='ltr'>Illorum</span> <span class='ocrx_word' id='word_1_382' title='bbox 543 3924 703 3999; x_wconf 84' lang='lat' dir='ltr'>antiquitas</span> <span class='ocrx_word' id='word_1_383' title='bbox 719 3924 899 3999; x_wconf 83' lang='lat' dir='ltr'>ailqnantum</span> <span class='ocrx_word' id='word_1_384' title='bbox 911 3941 996 3996; x_wconf 88' lang='lat' dir='ltr'>prae·</span> <span class='ocrx_word' id='word_1_385' title='bbox 1030 3928 1129 4001; x_wconf 87' lang='lat' dir='ltr'>Caput</span> <span class='ocrx_word' id='word_1_386' title='bbox 1144 3927 1172 3985; x_wconf 93' lang='lat' dir='ltr'>in</span> <span class='ocrx_word' id='word_1_387' title='bbox 1191 3926 1287 3984; x_wconf 87' lang='lat' dir='ltr'>antica</span> <span class='ocrx_word' id='word_1_388' title='bbox 1302 3926 1384 3985; x_wconf 87' lang='lat' dir='ltr'>numi</span> <span class='ocrx_word' id='word_1_389' title='bbox 1402 3926 1621 3997; x_wconf 67' lang='lat' dir='ltr'>vetustinum</span> 
     </span>
     <span class='ocr_line' id='line_1_43' title="bbox 402 4002 1621 4081; baseline 0.007 -24"><span class='ocrx_word' id='word_1_390' title='bbox 402 4002 482 4060; x_wconf 86' lang='lat' dir='ltr'>cedit</span> <span class='ocrx_word' id='word_1_391' title='bbox 498 4019 604 4061; x_wconf 78' lang='lat' dir='ltr'>animam</span> <span class='ocrx_word' id='word_1_392' title='bbox 622 4004 660 4062; x_wconf 84' lang='lat' dir='ltr'>V.</span> <span class='ocrx_word' id='word_1_393' title='bbox 681 4004 717 4063; x_wconf 90' lang='lat' dir='ltr'>C.</span> <span class='ocrx_word' id='word_1_394' title='bbox 736 4020 817 4079; x_wconf 83' lang='lat'>490,</span> <span class='ocrx_word' id='word_1_395' title='bbox 838 4022 893 4063; x_wconf 89' lang='lat' dir='ltr'>nec</span> <span class='ocrx_word' id='word_1_396' title='bbox 910 4022 995 4062; x_wconf 85' lang='lat' dir='ltr'>cxcc-</span> <span class='ocrx_word' id='word_1_397' title='bbox 1029 4022 1139 4079; x_wconf 89' lang='lat' dir='ltr'>notat,</span> <span class='ocrx_word' id='word_1_398' title='bbox 1161 4009 1209 4065; x_wconf 89' lang='lat' dir='ltr'>vel</span> <span class='ocrx_word' id='word_1_399' title='bbox 1224 4006 1306 4065; x_wconf 89' lang='lat' dir='ltr'>lluuii</span> <span class='ocrx_word' id='word_1_400' title='bbox 1323 4008 1467 4081; x_wconf 82' lang='lat' dir='ltr'>genium,</span> <span class='ocrx_word' id='word_1_401' title='bbox 1489 4006 1536 4067; x_wconf 84' lang='lat' dir='ltr'>cui</span> <span class='ocrx_word' id='word_1_402' title='bbox 1559 4018 1621 4065; x_wconf 71' lang='lat' dir='ltr'>m·</span> 
     </span>
     <span class='ocr_line' id='line_1_44' title="bbox 402 4078 1621 4167; baseline 0.004 -29"><span class='ocrx_word' id='word_1_403' title='bbox 402 4082 476 4139; x_wconf 86' lang='lat' dir='ltr'>dum</span> <span class='ocrx_word' id='word_1_404' title='bbox 500 4088 622 4153; x_wconf 87' lang='lat' dir='ltr'>spatium</span> <span class='ocrx_word' id='word_1_405' title='bbox 652 4086 805 4144; x_wconf 82' lang='lat' dir='ltr'>Romanae</span> <span class='ocrx_word' id='word_1_406' title='bbox 834 4084 994 4143; x_wconf 85' lang='lat' dir='ltr'>libertatis.</span> <span class='ocrx_word' id='word_1_407' title='bbox 1031 4090 1113 4147; x_wconf 85' lang='lat' dir='ltr'>ttenit</span> <span class='ocrx_word' id='word_1_408' title='bbox 1133 4088 1244 4145; x_wconf 87' lang='lat' dir='ltr'>artmdu</span> <span class='ocrx_word' id='word_1_409' title='bbox 1265 4088 1294 4144; x_wconf 90' lang='lat' dir='ltr'>in</span> <span class='ocrx_word' id='word_1_410' title='bbox 1318 4082 1357 4167; x_wconf 84' lang='lat'>)(</span> <span class='ocrx_word' id='word_1_411' title='bbox 1382 4086 1506 4159; x_wconf 68' lang='lat' dir='ltr'>frustata.</span> <span class='ocrx_word' id='word_1_412' title='bbox 1543 4078 1621 4145; x_wconf 71' lang='lat' dir='ltr'>Med</span> 
     </span>
    </p>
   </div>
   <div class='ocr_carea' id='block_1_3' title="bbox 293 4160 1621 4239">
    <p class='ocr_par' dir='ltr' id='par_1_3' title="bbox 293 4160 1621 4239">
     <span class='ocr_line' id='line_1_45' title="bbox 293 4160 1621 4239; baseline -0.011 -6"><span class='ocrx_word' id='word_1_413' title='bbox 293 4228 296 4233; x_wconf 92' lang='lat'>.</span> <span class='ocrx_word' id='word_1_414' title='bbox 401 4188 443 4203; x_wconf 81' lang='lat'>··</span> <span class='ocrx_word' id='word_1_415' title='bbox 484 4160 646 4234; x_wconf 76' lang='lat' dir='ltr'>Cau-VII.</span> <span class='ocrx_word' id='word_1_416' title='bbox 678 4161 774 4222; x_wconf 80' lang='lat' dir='ltr'>Notae</span> <span class='ocrx_word' id='word_1_417' title='bbox 787 4167 929 4239; x_wconf 88' lang='lat' dir='ltr'>quaedam</span> <span class='ocrx_word' id='word_1_418' title='bbox 944 4184 997 4222; x_wconf 91' lang='lat' dir='ltr'>nu·</span> <span class='ocrx_word' id='word_1_419' title='bbox 1031 4183 1098 4227; x_wconf 86' lang='lat' dir='ltr'>anta</span> <span class='ocrx_word' id='word_1_420' title='bbox 1121 4168 1239 4225; x_wconf 81' lang='lat' dir='ltr'>dentata</span> <span class='ocrx_word' id='word_1_421' title='bbox 1262 4166 1492 4227; x_wconf 81' lang='lat' dir='ltr'>instrumentum</span> <span class='ocrx_word' id='word_1_422' title='bbox 1514 4162 1621 4225; x_wconf 83' lang='lat' dir='ltr'>sortase</span> 
     </span>
    </p>
   </div>
   <div class='ocr_carea' id='block_1_4' title="bbox 399 4241 1621 4885">
    <p class='ocr_par' dir='ltr' id='par_1_4' title="bbox 399 4241 1621 4885">
     <span class='ocr_line' id='line_1_46' title="bbox 402 4241 1621 4319; baseline 0.002 -22"><span class='ocrx_word' id='word_1_423' title='bbox 402 4241 513 4299; x_wconf 86' lang='lat' dir='ltr'>mariae</span> <span class='ocrx_word' id='word_1_424' title='bbox 539 4244 568 4301; x_wconf 91' lang='lat' dir='ltr'>in</span> <span class='ocrx_word' id='word_1_425' title='bbox 601 4244 680 4302; x_wconf 86' lang='lat' dir='ltr'>ltisce</span> <span class='ocrx_word' id='word_1_426' title='bbox 705 4246 835 4305; x_wconf 75' lang='lat' dir='ltr'>metuetis</span> <span class='ocrx_word' id='word_1_427' title='bbox 869 4246 997 4319; x_wconf 81' lang='lat' dir='ltr'>excisae,</span> <span class='ocrx_word' id='word_1_428' title='bbox 1018 4250 1180 4309; x_wconf 88' lang='lat' dir='ltr'>nauticum</span> <span class='ocrx_word' id='word_1_429' title='bbox 1201 4248 1235 4305; x_wconf 83' lang='lat' dir='ltr'>ad</span> <span class='ocrx_word' id='word_1_430' title='bbox 1254 4264 1380 4305; x_wconf 68' lang='lat' dir='ltr'>camaras</span> <span class='ocrx_word' id='word_1_431' title='bbox 1400 4246 1621 4307; x_wconf 79' lang='lat' dir='ltr'>contrahendas.</span> 
     </span>
     <span class='ocr_line' id='line_1_47' title="bbox 399 4320 1621 4465; baseline 0.002 -86"><span class='ocrx_word' id='word_1_432' title='bbox 399 4320 578 4398; x_wconf 84' lang='lat' dir='ltr'>illarumque</span> <span class='ocrx_word' id='word_1_433' title='bbox 611 4326 692 4409; x_wconf 85' lang='lat' dir='ltr'>¹ratio</span> <span class='ocrx_word' id='word_1_434' title='bbox 722 4326 915 4385; x_wconf 81' lang='lat' dir='ltr'>examinatur.</span> <span class='ocrx_word' id='word_1_435' title='bbox 957 4357 999 4369; x_wconf 89' lang='lat'><em>-</em></span> <span class='ocrx_word' id='word_1_436' title='bbox 1033 4362 1071 4374; x_wconf 90' lang='lat'><em>-</em></span> <span class='ocrx_word' id='word_1_437' title='bbox 1093 4329 1126 4399; x_wconf 82' lang='lat' dir='ltr'>lt)</span> <span class='ocrx_word' id='word_1_438' title='bbox 1148 4324 1408 4465; x_wconf 52' lang='lat' dir='ltr'>Possulonirnfs&#39;nns,</span> <span class='ocrx_word' id='word_1_439' title='bbox 1426 4346 1442 4385; x_wconf 90' lang='lat' dir='ltr'>a</span> <span class='ocrx_word' id='word_1_440' title='bbox 1458 4326 1621 4403; x_wconf 87' lang='lat' dir='ltr'>populille·</span> 
     </span>
     <span class='ocr_line' id='line_1_48' title="bbox 404 4400 1621 4489; baseline 0.001 -29"><span class='ocrx_word' id='word_1_441' title='bbox 404 4400 469 4473; x_wconf 89' lang='lat' dir='ltr'>Cap</span> <span class='ocrx_word' id='word_1_442' title='bbox 503 4402 587 4463; x_wconf 88' lang='lat' dir='ltr'><strong>VIII.</strong></span> <span class='ocrx_word' id='word_1_443' title='bbox 617 4404 835 4465; x_wconf 85' lang='lat' dir='ltr'>Enumerantur</span> <span class='ocrx_word' id='word_1_444' title='bbox 860 4400 997 4479; x_wconf 76' lang='lat' dir='ltr'>Etrusco·</span> <span class='ocrx_word' id='word_1_445' title='bbox 1033 4410 1153 4487; x_wconf 87' lang='lat' dir='ltr'>quentia</span> <span class='ocrx_word' id='word_1_446' title='bbox 1207 4405 1340 4489; x_wconf 86' lang='lat' dir='ltr'>apulons&#39;a</span> <span class='ocrx_word' id='word_1_447' title='bbox 1370 4410 1463 4479; x_wconf 67' lang='lat' dir='ltr'>vatus,</span> <span class='ocrx_word' id='word_1_448' title='bbox 1493 4406 1621 4467; x_wconf 86' lang='lat' dir='ltr'>Volater-</span> 
     </span>
     <span class='ocr_line' id='line_1_49' title="bbox 399 4480 1621 4561; baseline 0.002 -22"><span class='ocrx_word' id='word_1_449' title='bbox 399 4498 466 4539; x_wconf 85' lang='lat' dir='ltr'>nuns</span> <span class='ocrx_word' id='word_1_450' title='bbox 482 4480 585 4556; x_wconf 66' lang='lat' dir='ltr'>osnes,</span> <span class='ocrx_word' id='word_1_451' title='bbox 610 4501 733 4561; x_wconf 89' lang='lat' dir='ltr'>quarum</span> <span class='ocrx_word' id='word_1_452' title='bbox 752 4486 873 4545; x_wconf 89' lang='lat' dir='ltr'>nomina</span> <span class='ocrx_word' id='word_1_453' title='bbox 891 4489 920 4546; x_wconf 87' lang='lat' dir='ltr'>in</span> <span class='ocrx_word' id='word_1_454' title='bbox 944 4505 999 4547; x_wconf 88' lang='lat' dir='ltr'>nu·</span> <span class='ocrx_word' id='word_1_455' title='bbox 1033 4506 1171 4549; x_wconf 90' lang='lat' dir='ltr'>ranorum</span> <span class='ocrx_word' id='word_1_456' title='bbox 1195 4490 1337 4558; x_wconf 81' lang='lat' dir='ltr'>colunias,</span> <span class='ocrx_word' id='word_1_457' title='bbox 1360 4488 1447 4547; x_wconf 82' lang='lat' dir='ltr'>cuius</span> <span class='ocrx_word' id='word_1_458' title='bbox 1474 4488 1557 4551; x_wconf 72' lang='lat' dir='ltr'>stitit</span> <span class='ocrx_word' id='word_1_459' title='bbox 1572 4500 1621 4545; x_wconf 88' lang='lat' dir='ltr'>tres</span> 
     </span>
     <span class='ocr_line' id='line_1_50' title="bbox 400 4563 1621 4647; baseline 0.007 -26"><span class='ocrx_word' id='word_1_460' title='bbox 400 4563 458 4621; x_wconf 88' lang='lat' dir='ltr'>mis</span> <span class='ocrx_word' id='word_1_461' title='bbox 492 4563 599 4637; x_wconf 84' lang='lat' dir='ltr'>scripta</span> <span class='ocrx_word' id='word_1_462' title='bbox 635 4565 732 4625; x_wconf 84' lang='lat' dir='ltr'>adhuc</span> <span class='ocrx_word' id='word_1_463' title='bbox 763 4567 998 4641; x_wconf 86' lang='lat' dir='ltr'>obseruauImus,</span> <span class='ocrx_word' id='word_1_464' title='bbox 1033 4587 1140 4631; x_wconf 87' lang='lat' dir='ltr'>numos</span> <span class='ocrx_word' id='word_1_465' title='bbox 1165 4570 1305 4643; x_wconf 86' lang='lat' dir='ltr'>produxit</span> <span class='ocrx_word' id='word_1_466' title='bbox 1335 4566 1488 4647; x_wconf 76' lang='lat' dir='ltr'>Pafferiss</span> <span class='ocrx_word' id='word_1_467' title='bbox 1520 4568 1578 4629; x_wconf 76' lang='lat' dir='ltr'>ms.</span> <span class='ocrx_word' id='word_1_468' title='bbox 1599 4576 1621 4637; x_wconf 77' lang='lat' dir='ltr'>s·</span> 
     </span>
     <span class='ocr_line' id='line_1_51' title="bbox 402 4642 1621 4729; baseline 0.005 -30"><span class='ocrx_word' id='word_1_469' title='bbox 402 4644 581 4719; x_wconf 82' lang='lat' dir='ltr'>quaesunt·</span> <span class='ocrx_word' id='word_1_470' title='bbox 606 4644 639 4717; x_wconf 84' lang='lat' dir='ltr'>a)</span> <span class='ocrx_word' id='word_1_471' title='bbox 667 4642 997 4723; x_wconf 56' lang='lat' dir='ltr'>adamantinorum</span> <span class='ocrx_word' id='word_1_472' title='bbox 1033 4654 1095 4726; x_wconf 72' lang='lat' dir='ltr'>sgg.</span> <span class='ocrx_word' id='word_1_473' title='bbox 1117 4668 1145 4723; x_wconf 87' lang='lat'>3.</span> <span class='ocrx_word' id='word_1_474' title='bbox 1163 4668 1193 4725; x_wconf 88' lang='lat'>4.</span> <span class='ocrx_word' id='word_1_475' title='bbox 1212 4662 1240 4725; x_wconf 80' lang='lat'>5.</span> <span class='ocrx_word' id='word_1_476' title='bbox 1262 4684 1303 4695; x_wconf 95' lang='lat'>—</span> <span class='ocrx_word' id='word_1_477' title='bbox 1325 4650 1356 4729; x_wconf 89' lang='lat' dir='ltr'>i)</span> <span class='ocrx_word' id='word_1_478' title='bbox 1381 4644 1621 4725; x_wconf 67' lang='lat' dir='ltr'>Vernis-iussn.</span> 
     </span>
     <span class='ocr_line' id='line_1_52' title="bbox 401 4725 1621 4806; baseline 0.003 -25"><span class='ocrx_word' id='word_1_479' title='bbox 401 4740 511 4782; x_wconf 78' lang='lat' dir='ltr'>nornen</span> <span class='ocrx_word' id='word_1_480' title='bbox 544 4740 689 4800; x_wconf 86' lang='lat' dir='ltr'>perpetuo</span> <span class='ocrx_word' id='word_1_481' title='bbox 719 4725 858 4796; x_wconf 87' lang='lat' dir='ltr'>scriptum</span> <span class='ocrx_word' id='word_1_482' title='bbox 891 4728 998 4801; x_wconf 72' lang='lat' dir='ltr'>legitur</span> <span class='ocrx_word' id='word_1_483' title='bbox 1034 4734 1103 4791; x_wconf 89' lang='lat' dir='ltr'>Non</span> <span class='ocrx_word' id='word_1_484' title='bbox 1122 4731 1211 4806; x_wconf 80' lang='lat' dir='ltr'>longe</span> <span class='ocrx_word' id='word_1_485' title='bbox 1232 4730 1621 4803; x_wconf 82' lang='lat' dir='ltr'>aPopulnnialocantern·</span> 
     </span>
     <span class='ocr_line' id='line_1_53' title="bbox 402 4802 1621 4885; baseline 0.002 -22"><span class='ocrx_word' id='word_1_486' title='bbox 402 4802 596 4873; x_wconf 67' lang='lat' dir='ltr'>ueruto,</span> <span class='ocrx_word' id='word_1_487' title='bbox 634 4805 683 4865; x_wconf 92' lang='lat' dir='ltr'>vel</span> <span class='ocrx_word' id='word_1_488' title='bbox 712 4804 817 4865; x_wconf 61' lang='grc' dir='ltr'>’ΤΠ</span> <span class='ocrx_word' id='word_1_489' title='bbox 852 4822 902 4867; x_wconf 89' lang='lat' dir='ltr'>aut</span> <span class='ocrx_word' id='word_1_490' title='bbox 926 4809 995 4867; x_wconf 84' lang='lat' dir='ltr'>TV.</span> <span class='ocrx_word' id='word_1_491' title='bbox 1034 4813 1087 4872; x_wconf 90' lang='lat' dir='ltr'>diti</span> <span class='ocrx_word' id='word_1_492' title='bbox 1106 4808 1292 4869; x_wconf 70' lang='lat' dir='ltr'>Verulamium.</span> <span class='ocrx_word' id='word_1_493' title='bbox 1339 4810 1441 4871; x_wconf 88' lang='lat' dir='ltr'>Huius</span> <span class='ocrx_word' id='word_1_494' title='bbox 1459 4806 1621 4885; x_wconf 77' lang='lat' dir='ltr'>urbisquin·</span> 
     </span>
    </p>
   </div>
   <div class='ocr_carea' id='block_1_5' title="bbox 401 4883 1621 5053">
    <p class='ocr_par' dir='ltr' id='par_1_5' title="bbox 401 4883 1621 5053">
     <span class='ocr_line' id='line_1_54' title="bbox 401 4883 1621 4973; baseline 0 -29"><span class='ocrx_word' id='word_1_495' title='bbox 401 4883 641 4961; x_wconf 78' lang='lat' dir='ltr'>idqusutsuscis</span> <span class='ocrx_word' id='word_1_496' title='bbox 666 4886 775 4947; x_wconf 84' lang='lat' dir='ltr'>litteris</span> <span class='ocrx_word' id='word_1_497' title='bbox 804 4904 819 4945; x_wconf 88' lang='lat' dir='ltr'>a</span> <span class='ocrx_word' id='word_1_498' title='bbox 845 4888 948 4948; x_wconf 86' lang='lat' dir='ltr'>dextra</span> <span class='ocrx_word' id='word_1_499' title='bbox 969 4889 998 4948; x_wconf 89' lang='lat' dir='ltr'>ln</span> <span class='ocrx_word' id='word_1_500' title='bbox 1035 4893 1132 4953; x_wconf 72' lang='lat' dir='ltr'>culum</span> <span class='ocrx_word' id='word_1_501' title='bbox 1170 4892 1252 4951; x_wconf 88' lang='lat' dir='ltr'>dedit</span> <span class='ocrx_word' id='word_1_502' title='bbox 1289 4886 1459 4973; x_wconf 66' lang='lat' dir='ltr'>Drappes.</span> <span class='ocrx_word' id='word_1_503' title='bbox 1500 4892 1560 4953; x_wconf 84' lang='lat' dir='ltr'>Tb.</span> <span class='ocrx_word' id='word_1_504' title='bbox 1580 4894 1621 4945; x_wconf 80' lang='lat' dir='ltr'>dt.</span> 
     </span>
     <span class='ocr_line' id='line_1_55' title="bbox 401 4962 1621 5053; baseline 0.005 -28"><span class='ocrx_word' id='word_1_505' title='bbox 401 4962 543 5030; x_wconf 72' lang='lat' dir='ltr'>linisuam</span> <span class='ocrx_word' id='word_1_506' title='bbox 576 4968 792 5048; x_wconf 73' lang='lat' dir='ltr'>vergentium,</span> <span class='ocrx_word' id='word_1_507' title='bbox 832 4984 888 5045; x_wconf 86' lang='lat' dir='ltr'>pet</span> <span class='ocrx_word' id='word_1_508' title='bbox 923 4986 998 5048; x_wconf 83' lang='lat' dir='ltr'>quas</span> <span class='ocrx_word' id='word_1_509' title='bbox 1033 4974 1124 5036; x_wconf 85' lang='lat' dir='ltr'>alium</span> <span class='ocrx_word' id='word_1_510' title='bbox 1145 4988 1221 5033; x_wconf 86' lang='lat' dir='ltr'>vero</span> <span class='ocrx_word' id='word_1_511' title='bbox 1239 4968 1362 5035; x_wconf 87' lang='lat' dir='ltr'>stmiiem</span> <span class='ocrx_word' id='word_1_512' title='bbox 1387 4970 1503 5053; x_wconf 75' lang='lat' dir='ltr'>Paffee.</span> <span class='ocrx_word' id='word_1_513' title='bbox 1522 4970 1578 5033; x_wconf 76' lang='lat' dir='ltr'>Tb.</span> <span class='ocrx_word' id='word_1_514' title='bbox 1598 4968 1621 5021; x_wconf 74' lang='lat'>⁶·</span> 
     </span>
    </p>
   </div>
   <div class='ocr_carea' id='block_1_6' title="bbox 1585 5046 1621 5123">
    <p class='ocr_par' dir='ltr' id='par_1_6' title="bbox 1585 5046 1621 5123">
     <span class='ocr_line' id='line_1_56' title="bbox 1585 5046 1621 5123; baseline -0.222 -16"><span class='ocrx_word' id='word_1_515' title='bbox 1585 5046 1621 5123; x_wconf 71' lang='lat' dir='ltr'>ig.</span> 
     </span>
    </p>
   </div>
   <div class='ocr_carea' id='block_1_7' title="bbox 0 0 1916 5734">
    <p class='ocr_par' dir='ltr' id='par_1_7' title="bbox 0 0 1916 5734">
     <span class='ocr_line' id='line_1_57' title="bbox 0 0 1916 5734; baseline 0 0"><span class='ocrx_word' id='word_1_516' title='bbox 0 0 1916 5734; x_wconf 95' lang='lat' dir='ltr'> </span> 
     </span>
    </p>
   </div>
  </div>
 </body>
</html>
