3775 5734
305 502 308 507 ’
395 511 470 609 639
561 507 722 591 Eli
971 482 995 562 .'
1263 505 1368 599 ΕΝ,

393 696 502 759 mirum
519 693 638 755 detrita.
675 690 791 753 Paiiter
803 689 991 752 Neumannus
1024 689 1100 764 „Ob
1117 700 1179 750 turn
1196 688 1357 765 prosperos
1369 698 1476 751 urentu

392 776 495 853 iiglum
526 777 668 846 alteram,
699 792 760 845 qun
787 787 821 832 vt
846 771 990 843 Haymius
1024 772 1052 828 se
1076 774 1283 847 cognominari
1303 772 1391 843 iuffit,
1415 770 1476 831 Gra

393 871 475 923 xio,
502 855 552 915 sed
578 870 639 913 nnn
681 854 791 925 fontir,
825 866 856 911 et
886 869 993 911 mono·
1020 850 1123 923 ¹bens,
1146 852 1460 924 autrel'ponsadans,

392 952 543 1013 gratnma,
575 934 658 1011 quod
698 933 900 1009 subsequitur,
932 948 993 991 non
1029 929 1124 989 dirum
1144 932 1173 990 se
1204 931 1337 1008 (Veneri
1357 948 1459 991 carum

397 1032 486 1088 nor,
514 1016 565 1075 sed
589 1029 690 1088 ror,
720 1026 751 1071 et
768 1014 836 1072 inde
858 1013 994 1086 aenigma
1031 1010 1212 1092 venustum)
1246 1012 1431 1087 adpellauit,
1460 1030 1475 1071 e

392 1098 601 1158 solutumern
630 1110 710 1169 arx„
728 1109 771 1153 'ro
787 1109 814 1153 r.
856 1091 980 1163 ’22th
1028 1092 1475 1164 intropaeiseiuascriptuma

393 1200 484 1250 xiim
506 1177 557 1234 vel
573 1186 697 1249 propter
716 1173 874 1246 Capitonis
895 1189 931 1232 ac
947 1172 993 1233 Iit-
1028 1172 1064 1231 L.
1097 1172 1333 1243 CORNELIVS
1363 1172 1476 1233 Sl'Ll..

394 1259 452 1320 liae
473 1259 601 1316 Seturae
615 1255 759 1328 adscripta
778 1255 992 1315 binanominat
1028 1248 1281 1314 PHRODlTVS.
1297 1286 1338 1299 -
1373 1252 1414 1334 b)
1436 1254 1476 1313 M:

395 1342 454 1394 ’rar
481 1340 623 1407 'Amnum
642 1344 673 1391 vu
688 1361 715 1404 γ.
769 1331 828 1393 Sui
848 1333 995 1393 Archonee
1029 1333 1188 1394 Chiorum.
1230 1348 1285 1393 arn
1316 1348 1476 1394 xircoron

394 1418 447 1478 vel
457 1412 651 1475 Arciourilus
670 1413 801 1474 Tertium
813 1412 955 1495 Capitone
963 1429 993 1474 et
1029 1426 1269 1479 ennoronror.
1315 1410 1424 1473 Eclbel
1448 1414 1474 1475 C

398 1495 476 1558 iulia
494 1494 614 1556 Seiana.
654 1495 694 1554 Et
722 1495 787 1555 sunt
803 1496 992 1555 nra-nantum
1029 1509 1088 1572 174
1119 1528 1161 1542 -
1201 1495 1238 1576 c)
1258 1492 1437 1554 Arciam:
1474 1514 1475 1523 ¹

395 1578 517 1639 nomina
532 1576 760 1652 frequentillrma
775 1576 804 1634 in
823 1577 920 1635 numia
929 1578 991 1636 Ac·
1025 1575 1076 1635 vel
1097 1591 1188 1635 nnxo.
1218 1591 1264 1635 on
1299 1588 1476 1635 untoroar

397 1657 580 1717 monenfiutn
603 1688 646 1703 -
678 1657 849 1732 Negotium
869 1655 991 1716 facelle-
1030 1669 1131 1715 ArnN.
1171 1653 1315 1721 Anaboura
1344 1654 1448 1718 Flauia

295 1748 301 1761 ·
396 1754 432 1798 re
449 1751 633 1813 nequaquam
652 1737 740 1797 debet
755 1737 882 1795 eiusdem
890 1736 997 1811 populi
1030 1735 1107 1798 dito.
1129 1737 1194 1798 vid.
1217 1734 1325 1811 Melas.

396 1835 523 1892 numus,
545 1817 631 1879 cuius
651 1833 737 1887 areae
751 1816 940 1891 inscriptum:

611 1920 620 1977 '.
861 1966 865 1977 Ι
1072 1912 1236 1959 murrata
1255 1899 1307 1958 vei
1331 1901 1476 1970 ’esum

438 1984 475 2053 [i
497 1994 550 2043 za.
566 1992 654 2057 quern
663 1977 821 2061 Ariganius
839 1978 872 2041 P.
891 1977 914 2041 1.
932 1977 996 2040 Tb.
1030 1981 1097 2047 cia,
1118 1980 1200 2057 quod
1227 1996 1302 2038 vero
1326 1981 1476 2041 vocabulu

399 2076 427 2121 a.
450 2078 541 2124 mro.
562 2060 717 2137 produxit.
750 2060 832 2141 Quid
849 2059 927 2121 enim
941 2075 993 2119 ve·
1029 2062 1161 2139 aliquid,
1193 2076 1280 2138 quam
1302 2060 1430 2121 eiusdem
1455 2078 1475 2135 p

395 2154 459 2214 tat,
481 2159 542 2219 quo
561 2140 659 2203 minue
674 2140 791 2201 litteras
805 2156 846 2200 en
865 2140 995 2201 initiales
1028 2143 1161 2203 minores
1192 2140 1330 2218 quasdam
1355 2143 1476 2213 repone

358 2220 366 2283 ’.
394 2221 558 2284 habeamur
573 2232 713 2297 timia,
737 2218 797 2282 Sui
814 2217 973 2282 sea-aeaut
1029 2240 1098 2284 care
1119 2224 1257 2293 videtur,
1282 2236 1349 2283 eum
1371 2222 1472 2297 propri

498 2332 501 2337 ¹
1027 2305 1092 2366 niat
1124 2302 1311 2384 paratiadae,
1339 2320 1412 2381 quae
1438 2321 1475 2375 o¹

442 2386 476 2451 Π
515 2382 624 2461 litteris
638 2397 681 2443 m
696 2386 800 2458 nexis,
820 2384 994 2453 'nuiliacum
1025 2380 1395 2466 proficio-gubernatur,
1425 2384 1467 2457 pti

398 2458 649 2609 {minutiarum⁸
680 2465 766 2537 super
793 2465 823 2525 A
844 2480 991 2541 magnum.
1027 2467 1115 2541 origo
1131 2466 1244 2539 prodit.
1271 2463 1322 2524 Est
1337 2460 1476 2534 enimin

425 2541 541 2604 raeiicb.
569 2545 714 2623 Monogr.
736 2563 765 2604 n.
786 2556 837 2619 25.
865 2562 894 2621 p¹
921 2552 991 2621 158.
1027 2540 1162 2628 cipitur,
1198 2541 1373 2625 imperium
1401 2545 1468 2605 inde

394 2625 460 2687 vid.
482 2623 677 2707 Epidaurium
692 2625 858 2703 urgendis.
974 2672 977 2679 .
1029 2625 1163 2709 impera,
1195 2618 1357 2699 Praesum,
1387 2638 1474 2700 etque

779 2740 784 2749 ·
1026 2710 1167 2778 ‘naamam
1195 2707 1260 2765 llnc
1277 2706 1343 2766 sane
1357 2707 1476 2766 notione

431 2786 566 2847 'enam
607 2802 717 2849 nomen
754 2788 923 2861 abruptum.
960 2802 993 2851 n.
1028 2789 1088 2850 lum
1106 2788 1181 2848 iilud
1201 2783 1309 2844 Straba
1334 2787 1370 2847 L.
1392 2784 1475 2846 xvii

292 2892 295 2897 ·
394 2866 553 2933 boeotiae.
670 2862 677 2875 '
1028 2882 1117 2947 atque
1160 2869 1231 2927 alibi
1272 2867 1418 2927 exhibuit.
1465 2881 1476 2923 n

324 2964 333 2973 ·
1026 2968 1062 3010 ro
1093 2950 1187 3026 tnagis
1214 2947 1336 3021 proprie
1369 2949 1476 3028 regiam

438 3026 836 3110 Epaminondar'l'hebanus,
855 3032 928 3093 belli
940 3048 992 3106 pe·
1027 3032 1149 3090 maioris
1170 3029 1343 3103 prouinciae
1361 3043 1470 3102 partem

394 3108 493 3182 ritus,
513 3112 717 3182 manufortis,
740 3112 838 3172 animo
848 3115 991 3185 inaximo,
1025 3112 1065 3172 Et
1085 3126 1261 3188 quamquam
1279 3103 1476 3193 Srrplauusfl,

394 3191 482 3250 enine
499 3207 597 3253 morte
612 3192 827 3252 Thebanorum
842 3193 923 3254 vires
939 3194 992 3253 he·
1026 3209 1184 3269 numquam
1203 3216 1232 3247 το
1249 3189 1322 3261 2602
1348 3191 1420 3250 loco
1439 3190 1472 3249 τὲ

393 3271 514 3331 notatae
553 3273 637 3344 sunt,
677 3288 710 3332 vt
735 3290 794 3332 non
820 3288 880 3333 tarn
906 3275 992 3335 illurn
1026 3287 1138 3349 ponat,
1173 3271 1241 3332 vice
1271 3282 1368 3331 tamen
1393 3268 1475 3330 versa

393 3352 535 3425 amisisse,
565 3370 652 3428 quam
678 3370 745 3412 cunr
771 3354 826 3413 illo
852 3353 992 3415 interiille
1025 3370 1082 3429 pro
1113 3352 1281 3413 subalterna
1306 3353 1430 3427 regione
1457 3366 1476 3409 e

393 3447 500 3491 omnes
516 3432 697 3495 viderentur.
737 3433 991 3507 NamanteEpa-
1028 3435 1119 3495 nescit
1156 3430 1297 3494 Froeiicir.
1327 3451 1359 3511 4.
1379 3433 1467 3493 Tent.

394 3513 566 3573 minondnm
582 3512 719 3573 Thebani
740 3515 838 3573 alieno
863 3516 991 3588 imperio
1027 3532 1065 3577 an
1084 3517 1257 3589 reperiatur.

394 3588 575 3667 paruerunt,
604 3593 671 3667 poll
684 3595 836 3655 interitum
860 3596 991 3655 eiusdem
1213 3630 1215 3639 =

353 3692 359 3701 ·
395 3672 426 3731 in
465 3673 637 3735 seruitutem
675 3673 824 3747 pristinam
857 3677 990 3737 reuoluti
1065 3690 1272 3737 annonaria.
1313 3670 1476 3733 Prouinciai

395 3752 480 3826 sunt,
507 3766 542 3813 vt
575 3754 758 3819 manifestum
777 3754 833 3829 iit,
862 3759 990 3834 gloriam
1024 3757 1126 3819 narra*
1153 3758 1203 3815 vei
1232 3770 1381 3815 uinariis
1410 3770 1475 3812 nnn

395 3831 572 3894 Thebanam
593 3853 661 3894 cum
680 3836 734 3895 illo
750 3850 868 3910 natam,
890 3852 920 3899 et
938 3857 989 3898 ex·
1025 3852 1226 3906 annotarat,
1251 3827 1420 3907 Nicaeenses
1433 3830 1474 3891 Pr

396 3913 529 3974 stiniiam
563 3916 657 3978 sulile.
702 3915 801 3977 Νοηη,
834 3920 870 3977 ad
902 3914 988 3979 Golz.
1024 3922 1158 3993 unciae,
1178 3919 1239 3978 scil.
1256 3917 1433 3990 Bithyniae,
1454 3914 1476 3973 fi>

393 3994 504 4054 Graec.
517 4014 547 4069 p.
559 3996 594 4055 61
609 3996 717 4077 et95)
739 3997 929 4059 Dissertation
944 4001 990 4059 sur
1024 4002 1064 4060 AE
1083 4019 1112 4060 α.
1137 4018 1164 4075 3.
1189 3996 1353 4057 Domitiani
1370 3994 1473 4056 onmis.

397 4072 610 4154 Epaminondas
628 4092 658 4138 ct
670 4078 992 4139 linieretablill'ennent
1026 4083 1055 4141 in
1078 4081 1252 4141 Domitiano
1270 4079 1330 4137 Tb.
1348 4095 1396 4136 21.
1416 4093 1475 4135 mu

394 4155 433 4215 de
463 4156 682 4218 nteneniensa
713 4159 873 4220 l'occaiion
900 4163 930 4220 d'
951 4179 991 4221 un
1018 4158 1088 4238 sion
1131 4163 1153 4223 l.
1186 4179 1217 4235 p.
1245 4159 1338 4240 334.)
1385 4154 1475 4217 Vaut

393 4236 556 4297 medaillon
574 4254 639 4297 rare
656 4252 686 4298 et
697 4240 818 4299 curieux
837 4257 893 4302 etc.
915 4243 988 4302 dans
1024 4261 1082 4323 ²4·
1098 4240 1169 4320 ¹293.

392 4314 582 4395 Enplication
606 4318 643 4377 de
662 4321 763 4379 divers
785 4338 988 4396 monuments,
1177 4379 1181 4385 .

393 4397 514 4472 quiunt
538 4412 662 4470 rapport
683 4400 702 4460 l
731 4401 760 4459 la
777 4404 917 4480 religion
950 4405 988 4464 de
1064 4417 1263 4475 nrrtnxrnnr,¹
1280 4397 1476 4463 Prouinciam

390 4478 519 4551 peuplts
535 4480 654 4537 ariciens
675 4496 706 4552 p.
732 4487 772 4555 65
787 4483 829 4558 sq.
1023 4487 1106 4561 gauit
1124 4483 1262 4546 Frociici.
1282 4504 1312 4560 4.
1330 4486 1420 4542 Tent.
1443 4500 1470 4555 p.

868 4560 874 4569 ’
1022 4566 1205 4625 'farfensium
1223 4566 1319 4641 magni
1342 4564 1451 4623 moduli
1471 4561 1476 4616 i

437 4632 677 4731 Epaphi-oditur,
707 4641 832 4702 Graecis
855 4646 988 4710 Ἐπαφρᾶ·
1022 4649 1097 4705 calla
1120 4665 1254 4717 nurnnm,
1275 4647 1305 4705 in
1323 4646 1405 4703 cuius
1422 4658 1476 4700 ane

392 4723 479 4791 iiiia,
499 4720 578 4777 idem
601 4720 652 4795 qui
675 4721 790 4780 Latinis
810 4722 917 4796 iiim,
938 4725 988 4785 seu
1022 4728 1149 4802 legitur:
1171 4732 1347 4786 ntnnoort
1362 4734 1475 4784 uranu

398 4794 551 4875 Venustus.
575 4831 613 4846 -·
649 4799 686 4880 a)
712 4800 748 4859 Ι..
776 4802 874 4862 Sullae
891 4800 987 4879 'agaim
1024 4820 1119 4871 nisu,
1148 4805 1302 4864 Commune
1330 4818 1469 4865 certamen

392 4881 473 4939 mina
487 4880 569 4940 Felix
583 4880 843 4955 etEpaphroditus
856 4888 990 4957 luerunt,
1026 4884 1249 4959 Prouinciam-um
1267 4909 1277 4959 ς
1299 4887 1366 4946 -sed
1401 4896 1473 4957 quan

383 4960 552 5039 referente
565 4958 726 5041 Piururalo
753 4963 785 5026 iu
809 4965 875 5028 eim
902 4966 967 5031 vita
980 4983 1005 5045 q
1022 4962 1099 5030 iiii.
1121 4967 1179 5034 sed
1198 4968 1319 5037 inNot.
1333 4964 1476 5036 menan..
