3775 5734
377 522 448 602 89¹
639 502 698 581 ΕΑ
844 500 910 594 ’.·
1285 508 1351 583 Fd
1525 522 1584 601 lrr

422 684 499 748 Falx
523 684 766 758 instrumentum,
789 701 849 763 quo
872 684 973 745 secan·
1003 702 1057 747 aes
1087 687 1303 763 imminutum3
1342 701 1539 767 quapropter,
1561 706 1589 757 rt

272 780 274 787 ·
377 783 426 828 tur
449 770 616 835 fraumenta,
646 767 775 831 herbae,
806 779 836 824 et
858 764 971 829 similia.
1007 768 1052 825 isti
1068 769 1242 841 diiudicant,
1265 770 1327 829 hoc
1344 770 1428 844 signo
1446 787 1510 831 tora
1529 776 1589 833 anri·

372 850 542 910 'Secundum
554 846 682 904 Plinium
694 846 824 906 Falciom
836 848 895 905 duo
908 845 973 904 sunt
1008 848 1095 922 quior
1112 864 1231 908 monera
1257 850 1454 910 exaudiorata
1475 868 1548 923 erat,
1564 868 1591 915 vt

378 946 507 1005 genera,
541 928 675 987 launum
702 929 841 996 breuius,
869 942 903 983 ac
922 926 973 984 vel
1007 928 1117 987 nullius
1136 928 1204 989 vsus
1221 928 1341 1003 ellada,
1362 934 1480 991 aerario
1495 934 1592 993 reddita

377 1012 454 1068 inter
495 1024 603 1081 vepres
646 1024 766 1083 quoque
800 1004 973 1077 tradiabile3
1007 1010 1037 1066 ira
1059 1008 1202 1069 leuiorem
1219 1010 1415 1071 conflaretur.
1460 1014 1517 1071 Sed
1533 1016 1594 1075 din-

379 1090 543 1149 Galliarum
568 1087 723 1146 latifundia
749 1086 870 1145 maioris
890 1102 973 1144 corn·
1008 1088 1065 1146 cile
1083 1090 1241 1149 admodum
1260 1090 1301 1149 est
1313 1108 1377 1150 vno
1395 1090 1446 1149 vel
1464 1094 1552 1152 altero
1564 1110 1595 1155 er

377 1171 497 1244 prodii,
543 1169 652 1243 quippe
691 1168 803 1225 medias
847 1167 973 1226 caedunt
1007 1167 1086 1227 hisce
1107 1171 1203 1229 numis
1220 1167 1369 1243 perpenso
1388 1172 1596 1233 iudiciumier·

378 1249 506 1313 herbas,
536 1246 748 1322 breuioresque
769 1258 971 1319 praetereunt.
1006 1265 1049 1307 re.
1099 1249 1198 1308 Notae
1236 1251 1363 1311 omnino
1404 1250 1596 1313 huiru'cemodi

379 1362 418 1377 -
435 1330 541 1399 Fuere,
555 1328 734 1404 quisalcem,
753 1327 856 1385 vtalia
872 1325 973 1385 huius·
1006 1328 1035 1387 in
1056 1330 1155 1388 numis
1169 1330 1348 1390 diuersrlltmi
1368 1334 1514 1403 ponderis
1526 1335 1597 1393 inur-

377 1413 460 1471 rnodi
484 1410 563 1484 ssgna
595 1408 624 1465 in
649 1424 758 1481 exergo
785 1420 973 1466 monetatum
1006 1409 1138 1471 niuntur.
1177 1410 1328 1484 Exemplo
1348 1410 1382 1470 srt
1393 1410 1477 1489 falx
1493 1416 1521 1473 in
1538 1432 1597 1491 qua·

378 1491 553 1563 conspicua,
582 1488 771 1546 attribuerint
805 1486 892 1563 Diis,
922 1487 972 1562 qui
1008 1489 1131 1560 drame,
1150 1492 1198 1565 qui
1219 1490 1260 1549 est
1280 1493 1596 1555 inrationevnrianua

378 1575 407 1632 in
424 1570 511 1645 ipsrur
534 1569 630 1627 numis
645 1569 764 1639 expressi
788 1566 973 1639 con'spiciun·
1010 1580 1057 1642 13.
1078 1569 1107 1627 in
1135 1568 1244 1629 semiss'e
1267 1573 1440 1643 pertinente
1465 1578 1500 1631 ad
1525 1574 1596 1633 allen

376 1667 445 1722 rur,
467 1661 496 1707 et
511 1662 670 1723 propterea
687 1648 769 1707 louis
795 1659 903 1721 caput,
923 1646 974 1707 cui
1007 1650 1160 1709 unciarum
1176 1651 1356 1713 duodecim.
1377 1654 1409 1712 in
1430 1654 1497 1713 aliis
1515 1654 1595 1715 semii-

376 1734 439 1793 lalr
461 1730 572 1789 adieita
604 1728 662 1799 est,
691 1731 820 1787 Saturno
844 1726 973 1803 adfigna·
1006 1727 1089 1788 fariis
1104 1732 1222 1797 nuruis,
1256 1732 1305 1807 qui
1340 1732 1407 1792 sunt
1439 1736 1469 1793 in
1495 1738 1595 1795 rarione

377 1827 457 1882 runt,
478 1811 550 1869 loue
561 1808 680 1882 penitus
691 1808 881 1867 reclamante.
922 1808 974 1867 Sic
1007 1826 1161 1885 ,mensum
1183 1810 1246 1909 10}
1268 1844 1298 1888 et
1321 1832 1482 1891 vna-„um
1507 1846 1595 1899 10³5

377 1886 975 1985 11¹J¹0¹¹i⁵⁰³l³ut=culidemljlmbfflum
1007 1908 1161 1967 unciarum
1194 1920 1214 1982 9
1244 1912 1273 1970 in
1301 1912 1472 1986 quadrante
1501 1914 1594 1989 pariter

377 1971 537 2047 aliquando
556 1968 719 2042 adpositum
740 1982 883 2041 cernitar,
901 1968 975 2027 deae
1567 1994 1586 2043 p

376 2052 488 2122 Potae,
512 2066 586 2127 quae
603 2050 754 2109 Putationi
772 2060 908 2122 praeerat
922 2049 974 2109 ad·
1008 2006 1359 2171 ἓῗὲἓξῃῐὲαῆἓπὲῗὰ
1374 2016 1531 2153 milvum
1551 2034 1592 2093 92·

375 2133 570 2206 scripserunt,
594 2148 655 2207 quo
677 2130 752 2189 nihil
774 2128 939 2191 absurdius.
1008 2134 1160 2232 Etruscor.
1187 2190 1212 2233 e.
1240 2188 1269 2245 7·
1295 2206 1332 2217 -
1355 2114 1594 2237 ξοῃῐῐέᾱῖῑῐῑξὶῑῶ

1007 2266 1043 2313 vt
1067 2252 1234 2312 huiusmodi
1251 2250 1352 2331 sulcis
1379 2269 1440 2315 etc.
1477 2257 1593 2333 signali·

1008 2333 1155 2393 uersatum
1167 2334 1286 2394 vrbium
1298 2336 1448 2397 denotent
1464 2338 1592 2409 officinas,

1007 2415 1112 2489 easque
1127 2428 1213 2485 notas
1230 2432 1286 2487 pro
1307 2415 1398 2475 libito
1426 2420 1591 2479 monetario·

1006 2512 1073 2553 rum
1082 2495 1240 2569 aliquando
1249 2496 1331 2553 frdlle
1344 2497 1511 2571 adpollras,
1520 2516 1590 2579 quaa

1008 2575 1108 2652 doque
1125 2590 1155 2634 et
1167 2574 1403 2649 praetermissas.

415 2295 458 2337 -'-
508 2290 618 2366 insigne
641 2288 782 2360 Saturni,
812 2288 974 2365 agricultu-

374 2394 426 2436 rae
457 2372 640 2447 repertoris,
670 2372 748 2429 vnde
765 2367 898 2445 falcifer
923 2370 973 2428 ad·

375 2456 504 2529 pellatur
520 2469 537 2510 a
555 2452 663 2524 poetis.
706 2451 740 2509 ln
757 2451 853 2508 nornis
864 2450 974 2510 Siculis

375 2536 560 2596 fertilitatem
580 2532 699 2591 Siciliae
719 2528 858 2604 deignat.
882 2530 973 2590 Vtra-

376 2632 435 2692 que
449 2630 536 2674 manu
554 2614 695 2671 Saturnus
712 2612 820 2670 falcem
839 2612 973 2671 nllera·

375 2697 457 2757 eleae
476 2691 600 2763 ΕΜ,
630 2692 767 2751 1¹⁰³d¹³⁵
1052 2732 1140 2796 Fumo
1159 2751 1194 2794 an
1222 2734 1252 2795 in
1277 2749 1418 2797 veteram
1434 2734 1593 2799 moneari-

414 2886 455 2903 -Ι
494 2854 524 2914 in
538 2852 559 2912 ss
575 2852 694 2928 figurae·
716 2868 747 2911 n·
765 2850 974 2925 Apollonien-
1006 2816 1120 2887 gnata?
1142 2816 1235 2875 Hem.
1250 2814 1329 2875 l’lnl.
1350 2816 1433 2877 Conr
1457 2816 1552 2877 lleuke
1566 2820 1593 2913 dr

373 2950 470 2998 tarum
507 2934 633 3011 Lydiae·
676 2932 720 2992 M·
750 2927 901 2994 pembmk·
930 2932 971 2995 Π·
1007 2896 1113 2955 Famae
1145 2896 1237 2955 variis
1270 2897 1349 2969 apud
1379 2914 1503 2961 veteres
1531 2902 1594 2961 Laut

455 3037 486 3097 ⁴·
567 3013 620 3094 ⁹⁹
667 3008 796 3091 “tl
809 3014 831 3073 ¹·
848 3030 878 3087 ..
1006 2992 1112 3133 rit
1128 2976 1594 3137 annunllratufut

1005 3138 1041 3198 Ι..
1059 3136 1113 3199 lV.
1137 3151 1185 3197 tot
1199 3139 1330 3213 linguas,
1348 3132 1539 3219 totidemque
1553 3156 1594 3207 ou

373 3213 455 3324 dT'
495 3194 526 3237 ¹¹¹
559 3192 648 3235 manu
678 3175 794 3266 immun
833 3172 971 3232 ΜΝ
1005 3218 1247 3295 sonantia‚.quot
1267 3218 1594 3295 suutcorporeplumae

395 3268 515 3339 &¹8⁰²st
546 3274 578 3318 V·
607 3259 684 3315 ΑΜ
714 3272 841 3335 ‘luam'
865 3270 972 3336 ΜΨ
1006 3312 1065 3358 etc.
1109 3300 1175 3357 Pari
1207 3298 1327 3361 ratione
1355 3298 1451 3363 Ouid.
1483 3302 1593 3363 Metam.

371 3342 474 3417 liseur.
1006 3381 1068 3442 XM·
1088 3380 1142 3457 4⁶·
1207 3378 1225 3409 α

411 3536 454 3551 -
494 3500 614 3559 dentata
638 3512 717 3568 pone
747 3508 835 3565 caput
851 3492 969 3553 Saturni

372 3596 496 3661 propter
514 3578 712 3655 agriculturae
729 3577 896 3646 rationem,
919 3590 972 3634 cu·

372 3669 419 3727 ius
432 3664 492 3738 ipse
508 3672 644 3733 repaerror
659 3656 767 3717 solon.
780 3654 884 3713 Famil.
898 3655 970 3715 Cal·
1084 3656 1167 3719 Tota
1200 3654 1301 3716 fremit
1320 3659 1475 3735 vocesque
1506 3660 1596 3731 refert,

372 3748 517 3823 purniae,
538 3738 718 3812 Memmiae,
740 3736 892 3798 Seruiliae.
1188 3736 1350 3815 iteratque,
1367 3742 1455 3817 quod
1467 3742 1557 3803 aunt,

1125 3572 1166 3585 -
1206 3538 1289 3599 Tota
1305 3539 1346 3599 est
1362 3556 1404 3600 ex
1415 3560 1471 3604 ore
1482 3540 1597 3613 sonanti,

414 3936 455 3949 -·
495 3916 526 3963 et
543 3901 664 3961 sistrum.
681 3917 712 3960 n.
728 3895 870 3974 Aegypti.
889 3894 968 3959 Mus.
1045 3894 1149 3957 Famae
1167 3895 1338 3976 symbolum
1356 3900 1510 3979 pegasus,
1536 3900 1595 3963 idea

373 3989 505 4049 Hunrer.
525 3982 587 4047 Tb.
607 3998 635 4055 3.
658 3982 701 4057 lp.
719 3992 750 4054 5.
1004 3979 1066 4039 alas
1091 3979 1202 4052 babet,
1223 3978 1293 4055 quia
1310 3981 1409 4043 volat.

410 4176 452 4191 ·-
505 4143 563 4203 iane
590 4145 652 4202 vlla
688 4140 812 4199 deorum
839 4138 969 4215 imagine
1046 4136 1404 4201 FamiliaeRomanorum
1415 4142 1598 4207 aliundelere

373 4232 402 4291 in
421 4227 560 4286 omnibus
575 4240 667 4297 paene
685 4236 821 4281 monetae
831 4220 970 4280 Etruscae
1002 4221 1123 4297 ignotae
1150 4222 1179 4279 in
1203 4220 1311 4279 numia.
1356 4222 1392 4283 ln
1421 4238 1506 4287 rann
1535 4236 1597 4281 vtro

372 4312 507 4387 parribus
546 4306 706 4363 inuenitur.
770 4309 971 4363 uunrmarunt
1003 4301 1182 4361 vetustarum
1209 4300 1366 4363 Romanae
1395 4307 1496 4379 gentis
1524 4298 1596 4363 [nui.

373 4391 503 4469 quidun.
525 4385 692 4444 buiru'modi
715 4395 803 4441 notas
814 4400 840 4441 e.
861 4400 888 4441 c.
909 4384 971 4441 cla·
1004 4384 1110 4443 liarum
1137 4381 1283 4457 caligine,
1315 4384 1354 4441 ad
1383 4403 1461 4459 quas
1482 4384 1596 4457 spem

372 4490 464 4542 uani,
489 4468 647 4543 plandunt,
675 4466 795 4522 lanceae
821 4464 971 4537 cuspidem
1005 4462 1142 4539 augurari
1158 4476 1189 4523 at
1212 4477 1313 4520 earum
1334 4480 1448 4525 numos
1465 4466 1595 4537 inrupta·

372 4570 432 4615 etc.
458 4552 600 4611 denotare
620 4556 768 4605 monetam
789 4544 869 4602 illam
892 4560 972 4603 noua
1005 4544 1083 4616 tari,
1116 4560 1175 4603 non
1210 4541 1299 4603 facile
1334 4542 1401 4617 est,
1438 4542 1594 4621 praeturum

372 4636 438 4711 lege
463 4630 602 4706 signatam
629 4624 685 4683 elle
712 4624 835 4683 leuioris
855 4625 970 4699 ponde·
1006 4620 1109 4697 primis
1130 4626 1340 4695 temporibus,
1364 4642 1436 4687 cum
1456 4644 1510 4687 nep
1526 4638 1592 4697 pm·

370 4717 433 4785 ris,
462 4726 550 4789 quarn
581 4706 650 4766 esser
674 4705 842 4776 antiquior,
876 4722 912 4764 ne
934 4706 971 4763 de
1006 4704 1146 4775 nomina,
1175 4718 1231 4763 nec
1252 4706 1439 4779 cognomina
1470 4706 1591 4766 insalut-

370 4797 451 4854 illius
484 4790 660 4851 austeritate
694 4786 898 4855 dubitaretur,
940 4799 972 4845 et
1006 4801 1092 4849 rent,
1115 4798 1166 4843 aut
1183 4783 1210 4841 se
1223 4782 1305 4843 lilios
1319 4800 1350 4843 et
1365 4803 1496 4863 nepote.-
1513 4780 1590 4861 genna

371 4877 478 4935 scirent
497 4886 601 4931 omnes
629 4865 703 4926 nihil
725 4864 828 4921 fraude
857 4866 970 4923 l'ubtra·
1006 4867 1061 4924 elle
1076 4875 1238 4935 notarent,
1259 4876 1293 4923 vt
1320 4864 1411 4941 saepe
1436 4868 1490 4929 smp
1510 4862 1590 4927 corle·

371 4958 451 5017 auru
470 4952 536 5022 elle,
557 4950 606 5009 sed
623 4944 768 5023 potestate
785 4944 969 5022 magistratus
1006 4948 1106 5007 iturae
1129 4958 1166 5003 ex
1190 4946 1367 5007 aleatoribus
1396 4964 1427 5007 et
1452 4954 1588 5083 namurcen?
