3775 5734
535 1350 1433 1573 enarratio

371 1856 698 2132 Numquam
725 1948 814 2035 sane
842 1944 997 2035 laudari
1028 1947 1114 2035 satis
1140 1949 1306 2066 possunt
1332 1951 1605 2065 patientissimi

524 2072 631 2177 viri,.
659 2073 732 2182 qui
769 2064 966 2155 indefesso
1000 2066 1160 2174 labore,
1208 2072 1444 2185 conquifitis
1478 2072 1604 2159 vnde·

382 2216 539 2301 quaque
562 2188 898 2302 praestantiffimis
917 2189 1072 2293 numis‚
1102 2186 1330 2274 vniuersam
1349 2218 1438 2275 rcm
1464 2218 1603 2278 numa·

386 2312 671 2393 rirmveterum
690 2310 944 2421 peruadere,
962 2327 1001 2390 et
1016 2304 1371 2421 locupletislinmm
1391 2309 1604 2417 numisma·

386 2428 548 2542 tologiae
585 2422 820 2512 thesaurum
859 2450 1100 2537 comparare
1141 2430 1275 2513 conati
1310 2426 1410 2513 simt.
1474 2429 1604 2547 Qrod

386 2570 475 2631 vero
519 2570 720 2632 tentatum
755 2570 862 2659 opus
897 2542 950 2630 ad
985 2569 1172 2658 optatum
1204 2540 1289 2631 non
1329 2546 1604 2659 perduxerint

337 2714 349 2791 ἰ
388 2662 520 2773 finem,
547 2664 590 2749 id
610 2668 785 2751 omnino
805 2660 1110 2777 impedimentis
1139 2663 1347 2780 plurimis,
1377 2694 1461 2751 non
1492 2669 1604 2753 incu-

337 2802 339 2809 ’
390 2786 467 2893 riae,
491 2782 784 2899 tribuendum
804 2780 1086 2897 vnusquis'que
1112 2788 1169 2870 rei
1198 2787 1353 2893 peritus
1373 2781 1491 2871 facile
1510 2812 1604 2875 con-

392 2902 498 2991 tedet

337 3196 339 3207 ·
460 3174 540 3261 larn
571 3171 740 3285 pridem
765 3173 808 3259 in
842 3175 1028 3257 animum
1045 3168 1304 3282 induximus,
1337 3200 1442 3287 quae
1470 3176 1604 3289 potui·

393 3316 463 3375 nus
506 3296 640 3377 omnis
679 3294 793 3399 aeui,
830 3294 1005 3401 metalli,
1041 3294 1223 3401 moduli,
1268 3292 1605 3408 diuersarumque

394 3415 556 3521 gentium
575 3408 1039 3509 veterumnumismata,
1071 3415 1221 3525 partim
1245 3414 1328 3497 aeri
1349 3410 1486 3519 incisa,
1516 3436 1606 3529 par·

345 3560 349 3572 ·
394 3532 450 3613 tim
483 3528 828 3617 commentariolis
861 3530 1244 3616 historico-criticis
1280 3528 1469 3619 illustrata
1497 3530 1604 3627 dete·

391 3670 488 3757 gere,
516 3649 570 3735 ad
594 3674 823 3734 numurum
842 3650 1129 3763 cognitionem
1157 3648 1475 3765 comparandam
1503 3676 1603 3739 eata·

391 3761 470 3881 logo
499 3795 743 3884 proponere
771 3794 898 3881 quarn
926 3767 1249 3875 locupletissimo.
1307 3768 1372 3889 Ere
1409 3770 1603 3859 omnibus

337 3914 341 4071 p
389 3882 505 3999 itaque
533 3889 1045 4001 numismatographorum
1062 3886 1277 4001 operibus,
1308 3914 1413 4001 quae
1431 3913 1501 3976 aut
1528 3892 1603 4006 ipsi

388 4002 420 4087 in
441 4006 583 4093 scriniis
612 4006 759 4091 nostris
785 4005 1014 4113 seruantur,
1043 4030 1114 4091 aut
1142 4006 1327 4093 aVslllS
1354 4006 1407 4092 de
1431 4012 1601 4122 antiqui-

386 4142 451 4208 tate
475 4128 582 4211 bene
605 4128 761 4213 meritis
791 4124 937 4211 mutua
962 4128 1197 4240 accepimus
1227 4154 1274 4211 ac
1301 4125 1602 4242 diligentissime

384 4230 675 4353 peruoluimui,
703 4246 844 4331 cuiuis
867 4243 1100 4331 numismati
1126 4246 1166 4331 in
1195 4244 1353 4331 Lexico
1377 4248 1515 4332 nostro
1534 4277 1602 4335 eo·

384 4386 462 4449 rum
476 4362 704 4455 adscribere
720 4362 1002 4451 adnotationes
1029 4390 1079 4451 eo
1095 4367 1222 4480 magis
1240 4364 1505 4453 necessarium
1521 4364 1602 4455 fuit

382 4482 518 4579 visum,
545 4510 631 4598 quo
649 4478 952 4597 infrequentius
974 4482 1228 4571 voluminosa
1258 4483 1347 4589 ista,
1378 4484 1476 4573 hinc
1503 4488 1602 4576 inde

381 4606 535 4712 rariora,
557 4602 805 4717 plerumque
821 4600 996 4715 pretiosa
1010 4628 1137 4718 opera
1146 4605 1186 4689 in
1203 4600 1460 4691 bibliothecis
1478 4609 1603 4695 etiam

381 4716 669 4807 inslrubliffimis
691 4723 866 4835 reperiri
886 4720 1036 4829 solent,
1070 4738 1173 4837 quae
1198 4750 1220 4807 a
1239 4726 1409 4837 priuatis
1426 4749 1601 4839 propter

380 4842 646 4955 angustiorem
661 4866 754 4930 rem
780 4840 1047 4929 domesticam
1071 4847 1143 4929 vix
1173 4848 1403 4959 comparari
1422 4842 1621 4977 possunt.¹

1555 5031 1600 5121 Si
