3775 5734
362 580 369 593 .
484 439 695 569 ἐπ’,
850 430 1210 619 sjfim
1359 466 1536 593 oo?

357 670 501 751 „caput
527 675 671 738 muliebre
692 658 831 735 uelatum¹
858 672 1023 745 femineum
1062 685 1144 734 certe
1180 668 1383 749 Proserpinae.
1406 669 1461 815 3(
1484 724 1487 741 .

357 756 526 817 s'otnatum
544 757 582 817 ad
599 761 620 822 s.
649 752 689 836 )(
717 757 752 815 M
785 756 826 815 N.
860 753 1144 816 Refectum-uerius
1163 769 1273 813 vaccae
1292 771 1381 828 caput
1447 790 1461 807 ·

357 837 386 897 l.
429 838 536 912 Figura
562 854 628 898 cum
655 836 725 896 velo
747 835 824 896 voli·
860 837 1060 910 pendentibus
1083 852 1100 894 e
1124 834 1266 892 cornibus
1290 837 1396 899 florum
1415 837 1460 895 le·
1546 884 1551 893 .

379 919 532 995 quadrigis
552 921 591 977 ad
606 921 636 977 d.
648 917 698 978 srn.
718 919 827 984 facem,
861 916 994 985 manifrit,
1016 915 1123 991 quibus
1138 915 1275 972 vidimae
1290 917 1462 976 mediandae

357 1000 384 1056 :st
404 1000 482 1072 apud
498 996 691 1079 Hauereamp.
709 999 748 1056 ad
769 997 826 1056 Pa·
860 998 1055 1059 ornabantur.
1097 993 1260 1056 Adluditnr
1289 994 1462 1057 ad'sacrifr.

357 1080 411 1139 lb:
423 1085 474 1155 98.
491 1079 827 1163 &ap-Secundum
862 1079 939 1138 cium
967 1077 1118 1157 quoddam
1139 1076 1169 1134 in
1189 1074 1382 1149 Proserpinae
1404 1076 1461 1157 ho·
1555 1102 1558 1109 ·

361 1161 479 1218 formae
506 1157 701 1218 Torreoeueza
725 1171 827 1231 proru-
861 1176 966 1219 norem
984 1159 1114 1229 sadum,
1149 1156 1197 1215 cui
1227 1156 1333 1216 sterilis
1350 1173 1462 1218 vaccae

357 1240 531 1321 {tratercamp¹
551 1241 626 1301 ibid.
643 1240 693 1315 qui
719 1253 750 1298 et
768 1236 827 1298 rer·¹
862 1254 951 1312 caput
968 1238 1167 1311 offerebatur,
1188 1250 1221 1293 vt
1239 1238 1315 1311 apud
1329 1233 1462 1295 Prodere·

357 1334 383 1379 rt
399 1321 549 1395 vulgares.
587 1321 621 1381 ln
644 1335 703 1379 vna
724 1336 828 1379 eorum
862 1322 937 1378 rium
954 1320 983 1379 in
1004 1317 1175 1396 symmach.
1194 1317 1225 1375 1:
1241 1334 1272 1376 v.
1292 1332 1349 1393 357
1362 1320 1404 1394 sq.
1417 1320 1464 1377 le·

357 1402 471 1474 icaput
487 1400 606 1461 Cereris
625 1417 692 1459 eum
712 1400 828 1472 epigra·
862 1402 952 1477 gitur.
995 1401 1045 1460 nd
1062 1401 1140 1460 latus
1169 1398 1340 1471 inscriptum
1356 1415 1463 1463 euna,
1557 1444 1564 1465 t

360 1482 444 1541 etius
463 1482 576 1541 relata:
598 1480 695 1540 MVN
728 1480 830 1545 HEN·
861 1509 903 1527 ·-
942 1481 1051 1540 Nonus
1069 1479 1178 1539 obuius
1196 1496 1264 1538 cum
1280 1478 1393 1552 spicato
1411 1495 1464 1539 ca·

357 1557 376 1638 (
417 1560 531 1623 Mulier
554 1561 631 1627 stane
650 1561 744 1635 pallio
770 1560 829 1620 hue
862 1563 924 1637 pite
942 1561 1075 1621 Cereris.
1116 1556 1157 1641 )(
1189 1574 1258 1618 au.
1289 1560 1465 1621 'evemuine
1507 1578 1512 1589 ·

357 1643 514 1716 ependente
540 1646 576 1701 ab
603 1642 758 1713 humeris,
779 1641 826 1701 in·
867 1657 912 1703 ter
935 1643 1009 1703 dum
1032 1642 1148 1701 frontes
1178 1639 1296 1699 laureae
1330 1636 1465 1700 coronae

377 1723 550 1783 nominibus
582 1722 826 1782 duumuirorunr:
866 1720 1011 1797 inclusam
1030 1719 1144 1797 prodiit
1157 1722 1296 1780 mumulus
1312 1739 1329 1780 e
1345 1717 1466 1779 Parare
1495 1754 1498 1779 t

357 1800 499 1863 iSTIVS'
527 1804 563 1862 L.
601 1801 826 1862 MVNATIVS
868 1802 930 1864 Tb.
951 1808 991 1878 98
1018 1802 1062 1879 fg.
1082 1803 1129 1874 a.)
1172 1797 1253 1878 Guff.
1278 1818 1308 1861 n.
1327 1802 1375 1880 3.)
1416 1800 1464 1869 Μ.

358 1886 384 1939 is
399 1883 487 1955 supra
504 1884 622 1965 ditiis.)
650 1883 739 1956 Apud
758 1878 824 1939 Mo·
856 1882 966 1947 ¹Hune.
992 1900 1024 1943 n.
1043 1900 1074 1959 4.
1102 1882 1151 1940 sed
1173 1882 1233 1940 duo
1251 1880 1356 1942 hordei
1372 1896 1465 1959 mana

360 1981 401 2022 m.
430 1962 529 2023 Cestia
551 1966 595 2039 fg.
615 1983 647 2040 4.
669 1980 700 2036 p.
725 1969 774 2028 88.
798 1974 830 2022 et
866 1965 898 2025 in
922 1978 1036 2023 corona
1062 1964 1164 2021 laurea
1188 1978 1255 2021 cum
1279 1963 1466 2031 litterismn.

357 2062 363 2098 ι
384 2044 482 2104 Goth.
499 2045 591 2103 Num.
612 2061 643 2117 p.
658 2058 707 2116 37.
726 2044 829 2100 eadem
864 2074 903 2089 -
944 2043 1063 2103 Decimi
1078 2042 1203 2102 minoris
1218 2043 1332 2101 moduli
1349 2043 1465 2116 pirrum

365 2123 593 2185 duumuirorum
615 2122 758 2193 nomina,
780 2122 831 2182 sed
865 2143 901 2186 ex
919 2122 1024 2183 eodem
1049 2119 1179 2181 Parata.
1221 2122 1320 2195 Caput
1343 2122 1384 2183 est
1403 2123 1466 2184 Ce-

357 2217 415 2264 oto
432 2210 562 2277 corpote
582 2204 662 2263 nuda
677 2200 830 2268 stans3nih
864 2205 941 2266 reris
960 2202 1048 2276 spicis
1064 2214 1254 2262 coronatum.
1295 2198 1335 2284 )(
1377 2218 1463 2264 nun.

358 2301 419 2344 eno
436 2283 561 2343 brachio
579 2284 750 2358 dependens
773 2283 816 2343 lin
864 2300 894 2346 et
912 2285 1009 2345 claua.
1052 2281 1188 2343 Paratae
1207 2282 1302 2343 visum
1315 2284 1395 2354 suit,
1411 2285 1466 2343 ad·

380 2365 495 2439 gestet,
529 2365 641 2423 dextra
679 2362 807 2423 extensa.
863 2366 976 2442 pictum
1013 2362 1068 2422 eise
1105 2363 1255 2440 quoddam
1292 2365 1465 2436 cucullum

378 2445 416 2505 ad
442 2444 506 2505 Tb.
524 2457 575 2519 25.
604 2445 647 2521 fg.
669 2460 710 2506 20
750 2443 786 2502 M
865 2444 1467 2525 Hauereampoveromilitarettopaeurp,

357 2526 412 2583 *ani
436 2541 465 2600 p.
496 2538 554 2602 134
592 2525 711 2584 videttu
736 2524 830 2600 figura
866 2528 948 2603 quod
966 2527 1004 2584 ad
1019 2525 1365 2605 Geloniesyracusnrum
1383 2525 1466 2602 regie

368 2606 401 2666 d.
441 2616 582 2678 pateram.
611 2633 653 2648 -
692 2604 825 2684 Quartus
860 2606 1017 2668 victoriam
1037 2606 1074 2663 de
1090 2604 1466 2681 Cartlragineniibusretu·
1512 2656 1516 2661 .

357 2674 500 2746 oob'uius
512 2682 626 2758 pro'diit
635 2686 665 2744 in
675 2686 733 2746 Sic.
752 2678 826 2741 Tor·
862 2692 909 2750 lit.
951 2684 1075 2762 Legitur
1106 2686 1241 2745 enimin
1273 2684 1403 2745 Diodori
1423 2684 1464 2747 L.

357 2784 385 2823 re
409 2783 426 2825 e
449 2765 567 2824 Parum
598 2764 619 2827 l.
643 2780 672 2827 c.
715 2764 828 2838 Caput,
863 2770 915 2831 xl.
939 2784 965 2826 c.
980 2767 1029 2826 26.
1054 2766 1229 2838 „Gelonem
1245 2766 1310 2840 post
1328 2769 1467 2841 adeptam

357 2863 421 2907 reo
438 2847 592 2918 cernitur,
624 2844 768 2919 spicatum
788 2845 830 2904 est
864 2848 1023 2910 vidioriam
1054 2846 1182 2917 Cereri,
1211 2859 1241 2905 er
1271 2846 1467 2922 Proserpinae

360 2967 373 3001 ‚
406 2944 473 2987 cum
499 2927 743 2987 denominatione
771 2940 829 2985 aa·
866 2933 926 2991 duo
950 2927 1063 3000 templa
1088 2942 1123 2985 ex
1158 2925 1287 2986 hostium
1317 2929 1466 2989 manubiis

357 3052 358 3063 ,
400 3002 441 3086 )(
491 3004 635 3081 Capella,
664 3023 745 3077 pone
767 3007 831 3077 fax,
867 3005 1069 3079 consecrall'e,
1089 3019 1118 3065 et
1137 3007 1216 3067 aliud
1233 3008 1336 3069 Ennae
1363 3009 1468 3069 fanum

369 3087 437 3147 inde
450 3087 537 3155 binae
555 3087 696 3149 frumenti
716 3085 832 3156 aristae,
867 3092 905 3150 ad
921 3087 1042 3148 Cereris
1069 3085 1216 3146 honorem
1251 3088 1478 3149 aedificandum·
1575 3102 1576 3107 ’

379 3184 486 3245 exergo
514 3168 650 3228 ¹ENer.
704 3163 833 3245 Guffeme
867 3167 1003 3231 statuiss‘e.
1024 3199 1066 3214 ·-
1107 3166 1255 3242 Vulgares
1271 3167 1342 3226 sunt·
1359 3184 1408 3229 11.
1434 3180 1467 3227 et
1544 3222 1546 3227 .

365 3265 431 3324 133.
447 3268 478 3309 n.
494 3265 523 3309 1.
567 3247 712 3328 Quintum
730 3249 833 3320 anepi·
870 3251 1051 3313 12.formae
1077 3247 1210 3318 mediae,
1230 3251 1319 3307 ambo
1344 3250 1468 3320 prodie-

357 3346 379 3388 m
393 3345 510 3403 praeter
526 3327 751 3389 Torremuzenm
768 3328 832 3387 edi·
866 3346 936 3393 runt
959 3330 990 3389 in
1011 3327 1141 3389 uitium.
1164 3326 1311 3388 Doroiliir'
1330 3329 1391 3388 Tb.
1418 3346 1471 3394 ιο.

357 3425 494 3470 erutuet
518 3409 597 3470 Mus.
624 3403 764 3469 Pembrolr
791 3407 830 3468 ll.
866 3432 898 3474 n.
921 3428 948 3473 1.
967 3426 998 3471 2.
1021 3408 1122 3489 Pi3⁶⁶
1136 3407 1198 3487 sqq.
1224 3409 1280 3468 Vir
1293 3408 1468 3483 [belaum.

361 3491 403 3568 fg.
426 3509 456 3553 a.
490 3490 590 3565 Caput
610 3490 640 3548 in
664 3507 700 3550 eo
726 3489 831 3549 mulie·
868 3489 1071 3554 autbaculum
1088 3500 1217 3561 tenone,
1237 3491 1422 3565 dependente
1447 3507 1468 3551 e

357 3572 439 3631 'orsan
455 3573 578 3632 cereris.
620 3567 662 3652 )(
702 3569 763 3630 Fax
785 3586 828 3630 ar·
866 3577 954 3635 laeuo
981 3570 1108 3631 humero
1130 3570 1209 3629 veste
1239 3587 1267 3631 c.
1294 3571 1378 3631 inser.
1405 3585 1468 3632 eu·

356 3665 402 3710 ter
420 3653 503 3712 binas
524 3651 630 3711 aristas
650 3652 772 3711 eredas.
794 3680 834 3694 -
866 3666 994 3716 uarum,
1017 3644 1059 3733 )(
1079 3651 1220 3712 Aratrum
1235 3666 1253 3709 a
1271 3653 1389 3712 duobus
1406 3652 1468 3712 ser·

357 3734 423 3793 iam
433 3747 499 3794 ante
514 3731 738 3793 Tora-tmuzzern
752 3730 833 3792 idem
866 3734 1007 3810 pentibus
1030 3731 1115 3790 alatis
1130 3732 1269 3803 redum,
1290 3733 1369 3792 infra
1384 3731 1469 3808 quod
1511 3736 1513 3745 '

363 3811 833 3889 edidit,etpraecedentieliquafi
867 3814 976 3876 hordei
998 3828 1130 3889 granum.
1176 3811 1230 3872 Vir
1257 3829 1293 3872 an
1319 3813 1468 3873 Herculea

357 3942 359 3957 .
386 3894 434 3954 nin
462 3895 544 3972 quod
563 3909 653 3968 caput
668 3895 833 3953 laureatum
867 3897 922 3970 fit,
941 3908 976 3954 vt
993 3890 1109 3975 Combio
1137 3892 1174 3952 ad
1195 3894 1256 3955 Tb.
1279 3910 1317 3968 ας
1346 3895 1389 3970 fg.
1413 3910 1465 3968 23.

357 3975 433 4035 llinis
445 3992 509 4035 cunt
531 3976 615 4051 epigr
634 3989 832 4046 naxarerne,
867 3975 948 4039 Mus.
965 3974 1126 4048 Hunrer.p
1155 3990 1221 4049 134.
1237 3974 1469 4043 videtur,valde

357 4059 489 4117 nnumis
507 4055 833 4117 Tauromenitanotum
867 4060 986 4119 dubitat
1012 4053 1221 4116 Torremuzeo.
1264 4056 1298 4115 ln
1325 4055 1467 4117 notis-ad
1514 4062 1517 4071 '

357 4180 361 4197 .
410 4132 450 4218 )(
499 4152 681 4198 aerumnam:
722 4152 834 4197 nomeu
868 4139 949 4201 hunc
969 4153 1089 4219 numum
1107 4137 1144 4196 de
1161 4137 1287 4213 imagine
1311 4137 1363 4197 ista
1387 4136 1468 4199 iiluit

371 4215 491 4279 alicuius
515 4235 550 4278 en
571 4218 731 4295 veteribus,
750 4217 834 4277 Hen-
868 4216 1029 4295 Burmann,
1071 4217 1213 4279 Aratrum
1234 4217 1375 4278 Ennensts
1405 4218 1469 4294 agri
1524 4275 1529 4293 ‚

357 4296 509 4374 mcipibus,
528 4314 578 4359 aut
587 4298 742 4372 personae,
757 4313 834 4376 quae
868 4301 1054 4362 fertilitatem
1081 4297 1222 4374 designat.
1265 4300 1376 4359 Similis
1395 4298 1467 4361 huic

357 4390 426 4438 ratus
441 4378 557 4442 honore
577 4380 735 4456 gaudebat.
769 4378 835 4439 Nu·
868 4398 976 4443 numus
989 4380 1067 4439 inter
1083 4380 1208 4440 Sicanos
1232 4380 1345 4441 relatus
1370 4378 1468 4440 estin

357 4458 417 4518 216.
431 4478 489 4521 non
507 4462 583 4521 adeo
607 4460 672 4521 sunt
693 4458 763 4520 rari.
794 4491 837 4507 -
870 4465 989 4538 Operae
1002 4458 1135 4521 Paratae
1153 4458 1214 4522 Tb.
1230 4461 1295 4535 163.
1316 4462 1359 4538 fg.
1378 4477 1403 4523 1.
1426 4488 1469 4504 -

357 4534 508 4610 fleptimus
564 4542 662 4615 Caput
680 4541 710 4601 in
729 4558 766 4601 eo
784 4557 833 4600 ex·
870 4546 904 4604 ln
919 4562 949 4603 n.
971 4557 1017 4617 13.
1038 4541 1162 4603 minoris
1183 4542 1301 4601 moduli
1315 4543 1399 4601 ¹inter
1420 4556 1474 4606 ra·.

357 4630 416 4676 net
430 4619 514 4695 spicis
530 4636 707 4684 coronatum
726 4622 766 4681 est
778 4618 835 4682 Ce·
870 4626 969 4686 tiores
985 4622 1167 4683 recensendo
1183 4622 1225 4682 est
1246 4621 1347 4683 hircus
1365 4621 1468 4681 sedens

370 4700 440 4770 quod
456 4702 603 4763 indicatur
621 4706 658 4762 ab
675 4702 836 4778 epigraphe
871 4723 898 4766 c.
919 4705 1005 4767 inser.
1029 4717 1200 4766 eumarum.
1232 4699 1272 4783 )(
1300 4705 1381 4777 Aper
1397 4701 1468 4760 hor·

368 4800 593 4923 {ihsan-me.
635 4778 677 4866 χ
713 4783 837 4923 gagga:
870 4784 1261 4936 ilelhtsibliirrrthertrisTb1dhn5¹
1289 4799 1403 4938 &¹228
1416 4778 1469 4918 dien

357 4937 484 5018 noluo,
500 4944 730 5009 estcoronatum
747 4958 837 5022 “Pili
870 4948 1009 5013 scribitur
1036 4964 1067 5023 p·
1097 4960 1163 5024 ¹34⁹
1196 4952 1367 5005 mmmm
1409 4941 1470 5095 {aa

1437 5039 1451 5080 r
