3775 5734
275 498 277 507 ·
362 472 440 579 279
625 480 679 553 or
1124 440 1126 445 ’
1262 450 1329 563 ,rii
1517 490 1592 573 aro

362 660 465 725 dextra
480 656 631 737 Augustus
655 672 686 720 et
700 644 830 737 homello
844 659 958 723 indier·
991 656 1162 735 sosplereur
1187 652 1364 721 rreencoon
1387 656 1438 723 hie
1455 660 1593 735 poree·

360 756 450 811 remp
479 742 566 817 aquis
587 757 663 802 vero
689 741 823 800 innatare
845 758 957 807 arcam,
992 741 1172 801 adulationis
1192 740 1304 817 aliquid
1325 743 1421 802 latere
1446 741 1477 800 in
1497 744 1597 805 numia

287 884 291 889 ,
361 820 446 897 quod
473 822 570 882 cineta
596 820 667 882 esset
692 824 826 897 Apamea
856 822 956 884 fluuiia
991 822 1115 883 Graecis
1147 832 1177 879 er
1201 822 1317 880 Latinis
1341 838 1402 882 noo
1433 820 1593 899 insolitae3

359 898 483 981 Marsya
499 914 530 960 et
544 900 735 974 Maeandro.
762 900 860 963 numie
876 901 956 963 testi·
988 914 1071 963 ranas
1083 902 1184 978 itaque
1198 900 1362 978 Augustum
1380 916 1411 961 et
1428 900 1592 979 Augustam
1620 934 1621 941 κ

360 982 418 1059 hue
434 996 465 1043 et
483 979 625 1042 Strabone
645 978 681 1043 i.
696 981 750 1047 x1.
990 992 1075 1043 extra
1106 994 1227 1052 arcam,
1254 980 1339 1041 velut
1366 998 1481 1043 nouum
1509 982 1593 1053 Noe.

384 1106 402 1115 ..
735 1124 738 1129 ,
927 1076 932 1085 ·
989 1060 1041 1123 seu
1063 1060 1279 1121 Deucalionem
1305 1077 1335 1121 et
1356 1060 1506 1141 Pyrrham
1530 1062 1621 1143 ψη

403 1138 581 1203 frotlr'eltius
597 1156 675 1201 vero
692 1139 900 1215 Adpendlcula
912 1130 954 1205 ll.-
991 1142 1077 1215 ilos,
1098 1158 1159 1219 quo
1179 1140 1316 1217 symbolo
1341 1159 1396 1203 eos
1414 1142 1502 1203 velut
1519 1158 1613 1211 coa-p

357 1223 451 1283 nouis
478 1238 510 1295 p.
527 1238 567 1299 95
594 1222 638 1299 sq.
662 1234 693 1281 et
712 1220 864 1281 Hordaim'
892 1224 957 1285 sen·
989 1220 1156 1285 seruatores
1173 1221 1294 1281 humani
1311 1223 1453 1295 generis,
1472 1236 1526 1285 aua
1542 1220 1613 1285 rer*

358 1302 484 1365 aerariam
507 1319 568 1362 non
585 1302 708 1361 omnino
730 1304 955 1377 repudiandam,
1013 1317 1165 1375 aratores,
1196 1303 1344 1363 Graecula
1371 1302 1590 1373 adsentatione,
1620 1362 1621 1367 ,

360 1398 391 1442 et
415 1381 610 1441 lhleonerium
624 1399 662 1443 ex
676 1396 760 1457 parto
775 1382 956 1460 sequendum
990 1321 1174 1447 honorarent
1192 1383 1348 1457 Apameni.

359 1464 464 1528 duria,
486 1462 665 1531 existimans.
683 1480 792 1524 numos
810 1462 900 1525 hosce
917 1465 956 1525 ad
1620 1524 1621 1529 ,

358 1546 524 1619 Apameam
545 1542 693 1621 Phrygiae
715 1544 864 1617 pertinere
887 1560 955 1605 cum
1032 1540 1124 1622 Quod
1147 1556 1222 1605 vero
1250 1542 1391 1605 Noemici
1413 1542 1520 1605 diluuii
1540 1554 1601 1607 rea¹

359 1622 538 1698 sset-dasne,
562 1624 635 1763 geria
658 1623 690 1683 in
713 1622 752 1682 iia
773 1622 958 1699 magistratus
983 1610 1211 1687 'circumstanter
1228 1642 1353 1696 omnes,
1375 1624 1405 1684 in
1424 1623 1472 1685 hir
1492 1628 1588 1687 numia

358 1716 531 1777 corruptae,
584 1702 673 1761 aanor·
694 1700 880 1770 Sacerdotis,
909 1722 957 1764 re·
990 1704 1153 1781 figuratae,
1185 1706 1312 1765 ethnicis
1337 1721 1459 1782 quoque
1485 1706 1586 1783 cogni·
1619 1734 1621 1775 2

356 1786 494 1865 peritur,
515 1784 566 1863 qui
584 1798 600 1843 a
627 1783 760 1861 Syriacis
781 1782 880 1844 nomio
903 1785 956 1844 ab·
989 1796 1058 1851 tae,
1078 1798 1108 1845 et
1122 1802 1230 1847 nomen
1249 1785 1343 1859 ipsum
1360 1786 1429 1845 Noe
1448 1803 1510 1847 non
1535 1802 1587 1862 pe·

360 1868 423 1939 eil,
448 1880 479 1925 et
502 1864 587 1925 Asiae
608 1864 828 1938 proconsularis
857 1866 955 1925 numie
989 1866 1069 1925 nitus
1093 1882 1148 1925 eos
1169 1866 1311 1938 latuerit,
1341 1865 1479 1939 pluribus
1507 1866 1588 1927 resti·
1620 1902 1621 1911 κ

357 1948 424 2008 sere
440 1946 580 2021 proprius
596 1944 657 2017 eli,
678 1960 767 2020 atque
787 1961 803 2003 a
827 1946 956 2007 nonnul·
990 1944 1099 2005 moniis
1128 1943 1312 2007 fescennius
1336 1948 1519 2007 corroborat
1549 1928 1621 2021 ers

357 2028 399 2089 lio
413 2028 499 2101 saepe
511 2030 651 2097 'temnit
665 2025 746 2085 idem
761 2024 811 2101 qui
819 2026 955 2097 'nonme
993 2022 1121 2085 luciano
1137 2026 1242 2097 citato,
1263 2042 1298 2087 ex
1314 2019 1438 2100 Eafibr'o
1450 2026 1487 2086 de
1496 2026 1585 2087 Prae·
1616 2024 1618 2035 '

362 2106 568 2177 existimatum
605 2101 759 2181 praeterea
789 2104 820 2166 in
851 2106 955 2166 Seueri
988 2122 1052 2180 par.
1077 2108 1223 2183 Euangel.
1251 2106 1287 2167 L.
1313 2106 1367 2167 Xl.
1398 2122 1436 2165 ex
1464 2104 1586 2165 Philone

358 2204 452 2250 numo
487 2186 565 2262 apud
604 2182 803 2245 Faltonetirtm
843 2186 953 2264 legitur
988 2188 1024 2246 de
1047 2186 1208 2260 Praenriis,
1238 2202 1275 2246 ex
1298 2180 1402 2263 lustin·
1430 2186 1586 2265 Apologia

354 2280 558 2331 alerannum.
577 2262 952 2348 Mognpsotetn‚quacum
985 2268 1009 2325 Ι.
1032 2283 1068 2326 ex
1084 2261 1197 2350 Iosepio
1219 2280 1325 2327 contra
1343 2267 1493 2341 Apionem
1512 2268 1549 2327 L.
1561 2268 1584 2333 l.

355 2349 508 2427 Magnesia
544 2351 620 2408 vrbe
654 2347 818 2408 concordia
846 2347 951 2423 vtique
986 2361 1016 2406 et
1031 2348 1097 2406 aliis
1115 2349 1193 2421 apud
1207 2345 1383 2407 Boebnrrum
1400 2363 1523 2425 quoque
1539 2348 1586 2409 io·

354 2428 506 2509 Phrygiae
536 2429 687 2501 Apameae
711 2428 835 2505 potius,
863 2443 953 2503 quam
988 2428 1143 2489 ueniendis
1175 2428 1207 2489 in
1236 2430 1350 2505 Geogr.
1381 2430 1449 2490 διε.
1480 2428 1517 2489 L.
1543 2428 1582 2491 11.

356 2511 496 2591 Syriacae
517 2509 708 2570 adscribenda
734 2506 871 2579 videtur;
901 2506 953 2565 dc·
987 2524 1015 2567 c.
1033 2524 1080 2583 ¹3·

355 2596 448 2669 nique
472 2604 631 2651 humorum
649 2588 764 2650 fabrica
787 2587 954 2665 elegantior

355 2672 534 2741 dimasto,
555 2666 954 2746 quamvcinsyriacavrbe
1027 2668 1135 2746 Neque
1168 2668 1268 2729 mirari
1298 2669 1395 2741 subit,
1431 2666 1585 2733 hvctaru

352 2751 459 2830 signati
476 2750 644 2813 credantur.
983 2748 1095 2811 Noemi
1118 2748 1269 2809 historiam
1297 2763 1327 2811 ct
1353 2764 1464 2811 nomen
1491 2765 1508 2808 e
1532 2760 1583 2809 tor

983 2848 1037 2905 per
1050 2828 1147 2890 rissam
1163 2847 1282 2889 omnem
1298 2828 1432 2905 dispersor
1447 2828 1581 2903 ludaeis,

394 2908 510 2975 Contra
526 2925 601 2970 uero
621 2904 752 2969 Noomin·
768 2902 950 2969 dilaoiime·
984 2923 1072 2989 atquc
1088 2922 1151 2969 tum
1175 2912 1301 2969 marimo
1326 2908 1577 2971 inculeseemibue

351 2994 482 3059 moriam
503 2992 535 3051 in
560 2990 704 3051 eiusmodi
726 2990 824 3050 numie
855 2987 948 3048 conli-
984 2988 1158 3052 Christianis
1190 2990 1320 3051 didicere
1341 2990 1488 3065 Apamcni
1514 3006 1580 3049 mo·

351 3084 474 3153 gnatam
496 3072 553 3133 ell'e
576 3088 644 3132 cum
668 3067 833 3131 Falconerso
860 3069 949 3143 plane
982 3070 1110 3143 netarii,
1131 3083 1161 3129 et
1178 3086 1281 3131 eorum
1299 3086 1350 3131 aut
1367 3070 1514 3132 eruditior
1524 3070 1579 3130 ali·

353 3152 504 3215 consentit
545 3148 734 3213 Froeliehr'us.
797 3150 949 3211 Nimirum
982 3155 1049 3229 quis
1074 3164 1124 3211 rut
1141 3151 1261 3211 veritati
1281 3151 1411 3211 vicinior
1426 3150 1578 3213 historiam

353 3248 475 3307 apertae
501 3234 566 3293 sunt
589 3233 715 3305 diluuii,
736 3245 767 3291 et
786 3230 947 3292 Deucalio·
982 3246 1013 3293 et
1048 3248 1157 3292 nomen
1196 3232 1266 3292 Noe
1302 3250 1394 3293 numo
1436 3232 1577 3304 inseruit;

350 3316 422 3388 nic,
440 3316 492 3377 seu
505 3315 575 3373 Noe
590 3314 722 3393 figurae,
741 3312 883 3372 immistae
898 3327 947 3371 ce·
982 3313 1101 3389 quondo
1116 3313 1204 3371 etiam
1218 3312 1295 3387 apud
1305 3312 1579 3375 Americanoebar·

349 3394 429 3459 iebri
465 3393 587 3467 fabula,
627 3409 685 3469 qua
719 3390 887 3453 Deucalion
918 3401 949 3449 et
981 3397 1073 3453 beros
1099 3394 1129 3453 in
1145 3392 1252 3465 Cuba,
1272 3388 1577 3463 Mechoacana‚Ni·

350 3474 469 3555 Pyrrha
482 3474 597 3550 lapidee
614 3472 681 3547 post
697 3484 815 3551 tergum
833 3469 948 3532 laeam
982 3488 1128 3549 caragua,
1165 3473 1344 3549 l’nraquaria
1381 3486 1410 3533 tt
1447 3472 1576 3533 Callella

349 3560 510 3628 seruntur;
550 3552 633 3631 quod
663 3552 801 3627 profesto
829 3549 948 3611 auersae
982 3554 1129 3626 aurifera,
1153 3554 1259 3614 diluuii
1280 3568 1310 3612 et
1331 3552 1575 3615 conseruatorum

346 3638 421 3707 lllae
448 3640 487 3697 ab
511 3650 580 3695 arca
598 3632 727 3711 figurae,
762 3648 851 3709 atque
872 3632 946 3691 dex·
979 3634 1166 3706 animalium,
1191 3636 1262 3709 quin
1279 3634 1436 3694 columbae
1456 3650 1576 3711 quoque

349 3734 428 3781 tram
462 3716 635 3777 attollentes
660 3714 762 3789 potius
789 3713 945 3783 denotant,
980 3714 1574 3789 etcoruimcmoriamrepereruntllispa·

350 3816 441 3878 qnam
463 3796 659 3857 securitatem.
703 3794 789 3875 Quae
807 3796 845 3853 de
860 3792 946 3853 corui
980 3796 1030 3871 ni,
1049 3796 1093 3854 vri
1108 3794 1241 3854 referunt
1257 3795 1438 3868 scriptores,
1460 3796 1491 3855 in
1510 3796 1575 3872 qul·

347 3880 504 3957 nigredine
518 3873 947 3951 adserunturmrgntiorasunt,
980 3879 1037 3937 but
1051 3875 1257 3949 percensendis
1273 3891 1395 3949 operam
1414 3874 1494 3935 suam
1510 3875 1577 3935 col·

350 3978 440 4041 quam
456 3972 492 4019 vt
517 3973 552 4017 ea
573 3955 732 4016 monetarii
753 3972 837 4015 meno
856 3952 946 4015 nobis
980 3957 1098 4017 locauit
1116 3953 1256 4017 Froclr'eh.
1274 3957 1315 4016 ib.
1333 3974 1363 4029 p.
1377 3962 1427 4029 98.
1441 3956 1495 4016 vbi
1507 3972 1574 4016 cen·

348 4042 484 4105 constare
501 4036 652 4113 probabili
668 4036 781 4099 indicio
799 4034 895 4112 poffit.
978 4036 1043 4110 set,
1063 4040 1213 4111 Apameae
1237 4038 1267 4096 in
1290 4036 1423 4113 Phrygio
1445 4036 1574 4113 ignaros

979 4118 1036 4178 esse
1063 4134 1170 4179 numos
1201 4116 1230 4177 in
1256 4116 1370 4177 Lerico
1394 4116 1497 4177 nostro
1522 4116 1574 4177 suh

390 4196 538 4275 Adspersa
583 4195 778 4257 Deucalionis
820 4194 945 4267 sabula,
977 4200 1104 4281 Apamea
1127 4194 1271 4275 Pbrygiae
1295 4195 1478 4269 recenstoe;
1500 4212 1575 4275 typo

347 4301 436 4363 quam
452 4294 519 4355 apte
535 4276 635 4339 omnia
656 4294 724 4338 cum
742 4274 882 4337 historiae
901 4273 944 4334 sa·
978 4276 1245 4339 reserridilauiem
1270 4273 1351 4343 Noe,
1379 4278 1574 4339 Deucalionis

347 4382 416 4427 crae
435 4364 472 4423 de
486 4358 602 4421 diluuio
620 4356 772 4423 Noemieo
796 4356 944 4423 narratio·
979 4360 1083 4420 sabula
1096 4360 1282 4427 inuolutum3
1304 4374 1372 4418 arca
1400 4358 1453 4418 illa
1474 4376 1574 4419 arcam

345 4464 384 4507 ne
399 4445 430 4506 in
453 4442 550 4502 numia
571 4438 650 4499 hisce
677 4438 876 4509 conueniant,
894 4448 948 4515 ty·
979 4440 1067 4512 Noc,
1088 4440 1192 4499 auibus
1209 4456 1333 4499 coruum
1357 4451 1386 4497 et
1402 4439 1575 4500 columbam

346 4545 404 4603 pus
444 4521 504 4597 ipse
531 4517 695 4597 eloquitur.
729 4548 769 4565 ·-
810 4512 942 4577 Vnicum
978 4536 1046 4581 cum
1064 4520 1148 4580 oleae
1164 4536 1269 4585 tamo,
1298 4518 1467 4595 desrgnari3
1497 4520 1575 4579 intra

347 4604 462 4681 opponi
473 4600 582 4677 poil'er:
611 4596 672 4659 viri
694 4598 730 4656 ab
756 4612 825 4657 arca
843 4598 943 4673 digre-
976 4616 1075 4663 arcam
1103 4600 1238 4661 exhiberi
1265 4601 1334 4659 Noe
1364 4616 1431 4660 cum
1465 4616 1576 4673 uxore,

346 4688 456 4747 dienrir
491 4680 614 4758 liguram
644 4678 785 4737 Romano
820 4676 942 4737 militari
976 4680 1028 4757 qul
1057 4682 1182 4741 Graecis
1206 4680 1370 4739 Deucalion
1404 4694 1438 4739 ee
1459 4680 1575 4757 Pyrrha

345 4768 453 4827 vestitu
466 4762 598 4822 indutam
619 4772 649 4819 et
671 4756 833 4817 laureatam
858 4757 943 4818 vide·
976 4760 1066 4832 dic'ii3
1086 4774 1170 4822 extra
1195 4778 1292 4821 arcam
1316 4760 1434 4821 eosdem
1453 4778 1574 4835 reprae-

343 4849 383 4920 ri,
402 4860 490 4923 atque
505 4842 581 4901 aleo
599 4838 811 4913 imperatorem
826 4838 943 4911 potino,
977 4840 1083 4903 semari
1101 4840 1168 4901 sexa
1185 4842 1249 4915 post
1273 4858 1389 4917 tergum
1415 4842 1574 4908 iactantes,

346 4949 437 5007 qnam
463 4922 681 4985 Deucalionem
708 4916 940 4993 repraesentare.
977 4936 1009 4985 et
1022 4922 1092 4985 ideo
1108 4920 1308 5000 Augustorum
1322 4920 1429 4983 vestitu
1444 4924 1574 4992 elicior.

1539 5016 1573 5061 vt
