3775 5734
557 514 999 597 ·m·.·-·
1216 488 1452 592 ‘aa‘

396 670 520 773 ¹noluit,
541 696 631 778 seque
657 716 674 762 a
699 698 865 765 Caracalla·
884 676 999 767 natam,
1032 699 1086 762 rlie
1107 696 1315 778 conserantur
1335 698 1473 761 ordinem
1492 712 1544 759 m

403 776 504 855 (forte
539 798 574 840 ex
611 784 765 845 Sacmiade
800 782 999 862 concubina)
1035 798 1159 852 exores,
1189 781 1264 839 lusan
1288 799 1395 854 nempe
1420 779 1533 846 Patala,

401 860 571 933 scriptam
598 863 740 924 l'enotnm.
783 865 924 923 Antonini
945 861 998 921 fibi
1034 861 1154 941 Aquilia
1177 856 1305 933 Seuera,
1327 874 1357 921 et
1372 860 1544 936 Anniafna

401 942 511 1001 nomen
530 942 703 1015 adsciueret,
719 945 776 1003 vel‘
790 946 819 1004 in
843 959 998 1018 argumen·
1033 958 1108 1017 quae
1122 958 1216 1017 genus
1231 944 1312 1002 litum
1330 942 1543 1003 adcommoda

372 1082 375 1089 ,
402 1032 465 1080 tum
487 1024 625 1097 generis,
664 1026 713 1083 vel
733 1024 815 1101 quod
840 1026 871 1083 id
889 1039 999 1083 nornen
1032 1023 1112 1080 ferre
1131 1022 1298 1094 dicebatur,
1320 1022 1406 1081 lianc
1423 1024 1544 1082 tertiam

321 1170 325 1176 ¹
397 1101 493 1185 'vique
535 1104 611 1162 adeo
649 1120 749 1164 carum
791 1103 847 1164 elie
884 1119 999 1179 cogno·
1033 1118 1094 1161 rem
1117 1100 1168 1161 srbi
1190 1102 1290 1176 rapuit
1308 1103 1544 1178 Elagabalue,‹

330 1218 336 1235 .
400 1198 487 1241 uerat
504 1184 662 1257 gentibus,
685 1198 719 1243 vt
740 1186 828 1244 etiam
851 1183 1001 1259 parricida
1035 1182 1136 1254 priore
1164 1182 1293 1242 eiusdem
1326 1183 1437 1244 marito
1465 1183 1541 1243 Pom

401 1262 550 1322 Ballianus
574 1265 660 1323 cansa
682 1267 812 1325 nominis
839 1276 999 1323 amaretur.
1033 1261 1137 1331 Balsu3
1159 1261 1250 1336 ipsam
1264 1263 1383 1336 pellea
1408 1264 1497 1323 breui
1519 1266 1544 1323 di

404 1340 560 1422 Lamprid.
586 1344 615 1402 in
634 1344 758 1419 Elagab.
782 1348 810 1404 A
827 1342 1001 1420 quibusdam
1034 1342 1246 1420 Aquiliamque
1259 1342 1402 1404 resumfit.
1415 1360 1445 1404 v.
1456 1338 1544 1419 satiri

400 1420 598 1495 scriptoribus
629 1418 878 1497 Pseaadanronanus
908 1439 1002 1483 voca·

401 1514 464 1561 eur.
494 1536 533 1547 -
576 1503 685 1563 Occiso
723 1506 862 1565 Macrino
892 1504 1002 1564 Antio·
1076 1503 1125 1561 Ad
1141 1501 1433 1563 numorCaracallae
1450 1505 1544 1565 etBla

402 1581 501 1642 thiam
520 1599 538 1641 a
561 1584 687 1645 militum
703 1587 873 1659 direptione
891 1585 1001 1643 lnbert·
1036 1583 1079 1655 li,
1100 1600 1226 1658 quorum
1242 1598 1368 1660 vterque
1384 1585 1436 1645 M.
1451 1586 1542 1644 AVR

401 1664 470 1733 uit,
490 1663 599 1722 militen
613 1664 777 1726 in‘castella
794 1665 843 1725 sua
859 1662 1002 1739 disperit,
1037 1663 1226 1723 TONlNVS
1252 1678 1398 1730 vocatur,
1424 1667 1542 1724 dil'cern

404 1744 547 1803 Sidonem
575 1744 766 1805 phoeniciam
791 1746 896 1805 vrbem
916 1745 1002 1804 cnlo-
1037 1744 1149 1803 iudicio
1165 1760 1242 1817 opus
1261 1744 1312 1805 eil.
1352 1745 1542 1823 Equidemq

403 1824 503 1895 niam,
524 1825 673 1885 veteranis
690 1828 721 1885 in
742 1843 806 1885 eam
823 1825 1002 1895 transmiffis,
1037 1823 1067 1883 in
1091 1825 1188 1884 numia
1216 1825 1325 1885 versati
1351 1825 1441 1899 sunt,
1471 1844 1509 1885 ex
1537 1843 1544 1869 ¹

402 1904 546 1976 deduxit,
568 1905 781 1983 Arateliamqne
796 1906 1002 1978 etmadpella-
1037 1903 1143 1964 habitu
1171 1916 1351 1985 vtrumque,
1381 1919 1412 1966 et
1441 1906 1544 1981 Elapal

402 1984 449 2046 ttit
469 1985 609 2061 degente
624 1987 766 2059 Aurelia,
788 2003 824 2046 en
839 2002 897 2064 qua
906 1984 934 2044 se
946 1983 1002 2043 elie
1036 1985 1155 2127 {uidem
1185 2001 1220 2043 ex
1249 1987 1435 2047 craliroribus
1463 1988 1544 2049 labii:

402 2064 551 2138 iactabat,
577 2079 611 2125 vt
631 2066 804 2127 Caracallae
830 2066 921 2127 filius.
963 2064 1003 2124 ll·
1053 2065 1220 2123 'aracallam
1234 2082 1270 2124 ex
1285 2065 1439 2126 triiliffima
1456 2068 1538 2127 facie

402 2145 542 2205 lemnon
559 2148 652 2207 modo
670 2149 844 2211 coloniam,
865 2146 914 2206 sed
936 2145 1002 2221 Ty·
1038 2145 1200 2222 agnoscunt
1246 2145 1359 2205 Verum
1385 2161 1514 2221 oportet
1528 2160 1544 2206 t:

400 2226 592 2300 tissimum,
622 2229 793 2305 prouinciae
809 2226 1003 2300 metropolim
1037 2239 1071 2284 vt
1100 2226 1214 2285 tironee
1235 2227 1388 2286 attendant
1411 2227 1528 2287 stellam

403 2306 576 2379 constituit,
609 2322 642 2367 vt
666 2309 730 2368 eius
753 2309 833 2368 numi
862 2320 1001 2384 angerent.
1037 2305 1192 2382 Elagabali
1206 2307 1404 2380 vtplnrimum
1413 2308 1543 2382 superpo

399 2386 507 2447 Rebun
537 2389 568 2446 in
593 2388 718 2449 Oriente
744 2389 911 2461 ordinatis,
938 2388 1005 2446 llo·
1038 2400 1068 2446 et
1100 2386 1219 2447 titulum
1251 2386 1544 2459 GERMANlCVS,

403 2482 482 2526 marn
506 2484 542 2527 ex
568 2471 654 2544 Syria
677 2470 851 2541 contendit,
890 2481 922 2526 et
941 2466 1003 2525 sme
1038 2467 1093 2527 l'oli
1124 2466 1296 2526 Caracallae
1320 2466 1360 2526 est
1386 2469 1520 2529 addittm.

401 2549 561 2608 voluntate
590 2550 693 2610 matris
714 2548 899 2609 Soaemiadia
927 2546 1003 2606 nihil
1037 2549 1158 2615 veroin
1179 2548 1333 2623 Elagabali
1350 2550 1450 2609 numia
1471 2549 1544 2609 allru

404 2629 488 2702 egit,
523 2644 647 2705 eamque
680 2629 709 2687 in
739 2628 878 2688 senatum.
901 2627 1003 2704 rogari
1039 2628 1177 2688 dubitate
1195 2643 1255 2687 non
1287 2644 1461 2702 compareat
1488 2643 1544 2689 ant

329 2722 332 2729 ·
402 2706 489 2767 itrllit.
530 2706 722 2784 Elagabalum
742 2710 829 2769 deum
843 2708 924 2768 suum
941 2723 1003 2766 ma·
1038 2708 1111 2767 tium
1129 2707 1193 2767 eiua
1215 2708 1421 2781 consulatum,
1443 2726 1544 2769 omnen

402 2804 461 2864 gna
477 2804 587 2861 pompa
602 2789 639 2848 ad
655 2788 852 2850 suburbanum
869 2788 1004 2853 deduxit,
1040 2805 1168 2860 numne,
1190 2789 1240 2864 qui
1259 2789 1339 2849 dido
1359 2788 1438 2849 astro
1466 2807 1544 2850 cerer

403 2868 549 2944 iliumque
575 2885 609 2928 ac
627 2869 799 2942 Serapidem
819 2870 1005 2943 summopere
1041 2870 1098 2928 alia
1114 2881 1186 2928 nota
1201 2869 1420 2946 chronologica
1431 2871 1544 2930 deslitm

405 2948 521 3013 coitura
551 2965 588 3008 ex
611 2948 794 3025 Carthagine
818 2948 1004 3010 stmulacrum
1038 2966 1184 3009 annorum
1197 2956 1256 3016 218
1278 2962 1308 3008 et
1324 2965 1394 3029 219.
1412 2952 1544 3011 nnmien

405 3028 537 3089 Vraniae
563 3031 691 3089 Romam
721 3032 794 3091 iullit
817 3029 944 3102 adferri,
974 3042 1005 3088 et
1041 3025 1158 3090 Ecliel.
1183 3029 1250 3091 Cat.
1278 3028 1370 3092 Vind.
1394 3031 1433 3090 ll.
1457 3050 1489 3106 p.
1515 3046 1544 3107 ³¹

327 3116 333 3121 '
404 3108 575 3171 Laodiceae
591 3128 628 3169 ex
646 3114 739 3172 adtto
752 3111 878 3171 Dianam
894 3110 1006 3172 auferri
1040 3110 1090 3169 etst
1109 3112 1246 3170 nonnulli
1268 3111 1347 3170 haud
1373 3111 1469 3172 dubio
1495 3130 1544 3172 anr

405 3193 534 3251 tentauit
586 3192 726 3252 Ceterum
743 3194 858 3266 pelinne
879 3191 1005 3251 admini·
1040 3205 1148 3267 quente
1166 3204 1196 3250 et
1217 3192 1305 3251 initio
1325 3192 1407 3251 teitii
1434 3192 1493 3253 cufi
1515 3192 1544 3253 su

402 3270 507 3332 strauit
523 3273 692 3346 imperium,
715 3290 768 3346 per
785 3272 1006 3342 crudelitatem,
1040 3273 1073 3331 ln
1095 3272 1219 3332 Graecis
1243 3288 1318 3332 vero
1342 3274 1442 3332 nuntie
1462 3272 1544 3334 durio

405 3351 559 3412 libidinem
575 3353 1005 3428 liunmamquenegligentiam.
1040 3353 1094 3410 ciis
1129 3352 1259 3419 inlicitur
1288 3353 1465 3426 serupulus,
1494 3353 1544 3430 ssqa

405 3432 531 3491 Occisus
548 3433 589 3492 cst
605 3433 635 3492 in
650 3434 758 3492 latrina
774 3448 790 3491 a
807 3432 1005 3505 praetorianis
1041 3433 1159 3508 utrique
1174 3432 1295 3493 iliorum
1312 3433 1529 3507 Imperatorum

404 3512 579 3573 Alexandro
600 3513 688 3586 ipsms
702 3512 884 3572 consobrino
902 3513 1002 3572 fauen·
1040 3512 1101 3572 laoc
1118 3514 1261 3574 adiectum
1270 3514 1452 3587 conspicitur
1463 3516 1491 3575 le
1512 3530 1544 3574 en

403 3594 506 3665 doun,
527 3592 670 3669 ipsiusque
689 3610 799 3665 eorpus
820 3593 850 3652 in
867 3592 1004 3652 Tiberim
1041 3608 1077 3651 aa.
1100 3609 1167 3652 arn¹
1190 3610 1430 3659 ararnrrrrmoc.
1480 3532 1544 3657 ison

404 3673 592 3749 proiectum,
615 3690 705 3749 quare
728 3687 758 3732 et
777 3668 931 3755 Tiberiana
950 3690 1005 3746 pu·
1039 3673 1131 3735 Num.
1152 3671 1245 3759 Carp.
1264 3694 1294 3750 p.
1320 3692 1388 3751 ιη.

404 3752 465 3819 stet
487 3755 639 3815 vocitatur
665 3755 706 3814 eil
735 3755 774 3813 ll.
795 3752 835 3813 V.
864 3753 899 3814 Cv
931 3766 1004 3830 975.

404 3834 471 3895 Chr
504 3850 574 3897 aaa.
600 3836 705 3895 aetatis
725 3850 868 3896 annorum
882 3834 1006 3906 18.post
1082 3832 1262 3914 Elagabalus
1288 3836 1466 3912 plerumque
1484 3836 1544 3897 in:

402 3916 563 3988 imperium
579 3932 607 3993 3.
623 3933 785 3989 annorum,
805 3930 834 3994 9.
851 3914 1005 3988 mensum,
1040 3915 1148 3991 absque
1166 3920 1279 3988 barba,
1307 3917 1337 3975 in
1357 3916 1531 3992 quibusdam

405 3994 521 4057 dierum
539 4018 570 4075 4.
1040 3997 1109 4069 gine
1127 4013 1249 4057 ornatus
1266 3997 1387 4068 visrtur,
1417 4014 1544 4057 nonnum

1042 4076 1232 4136 Tribunitiae
1248 4077 1404 4150 potestatis
1419 4089 1450 4138 et
1460 4076 1544 4138 Cons

443 4156 574 4231 Nuptiae
614 4158 787 4236 frequentes
828 4156 1005 4217 celebrauit.
1041 4171 1114 4217 nota
1139 4158 1179 4217 eil
1200 4158 1336 4234 adietta,
1364 4158 1543 4219 obseruante

406 4230 700 4299 introeundum
726 4236 852 4299 Pansam
881 4254 1007 4297 vxorettt
1041 4235 1135 4298 halan:
1234 4281 1241 4305 ,

404 4318 517 4380 summa
535 4336 600 4379 cum
620 4321 817 4380 sollemnitate
827 4319 923 4390 duxit,
932 4334 1008 4394 quae

403 4401 536 4459 creditur
568 4398 651 4459 Pauli
682 4401 823 4473 praefecti
852 4400 1007 4471 praetorio
1083 4398 1148 4472 post
1175 4397 1250 4460 Chr.
1277 4406 1348 4467 218.
1379 4395 1420 4467 V.
1447 4394 1482 4463 C.
1510 4412 1544 4477 92

403 4480 486 4551 iiliat
514 4480 563 4541 sed
587 4481 742 4552 repudiata
761 4481 802 4538 est
831 4481 1008 4551 abeodem,
1044 4478 1092 4546 M,
1110 4480 1179 4541 TR.
1199 4480 1231 4543 l‘.
1249 4479 1337 4542 COS.

309 4600 313 4609 -
404 4562 487 4637 quod
505 4562 650 4621 maculam
667 4559 791 4619 haberet
812 4560 842 4617 in
863 4576 1005 4633 corpore.

403 4639 556 4721 Aquiliana
578 4636 717 4698 Saneraan
736 4657 752 4700 e
771 4638 939 4698 Vestalium·
954 4643 1012 4706 Sa-,
1083 4672 1120 4686 -
1163 4657 1232 4716 219.
1257 4642 1290 4701 l'.
1310 4640 1356 4702 M.
1375 4636 1449 4705 TR.
1472 4637 1506 4699 P.
1519 4638 1544 4699 Ι.

343 4734 355 4753 ·
403 4720 502 4783 erario
520 4721 662 4792 abdnnit;
692 4721 901 4795 naecnuoque
916 4736 1005 4793 repu-
1043 4720 1134 4784 COS.
1159 4722 1199 4782 ll.
1223 4722 1257 4784 Ρ.
1280 4722 1321 4782 Ρ.-

402 4798 482 4862 dieta
502 4800 565 4873 nt,
594 4802 663 4861 inde
689 4801 796 4861 iterum
823 4798 926 4859 sumta.
974 4800 1005 4859 ln

309 4900 322 4965 Ἰ
402 4881 527 4943 Graecia
546 4882 746 4959 Romanisque
764 4879 1004 4953 numieprostant
1081 4902 1121 4928 -··
1162 4901 1232 4946 tao.
1264 4880 1296 4943 Ρ.
1330 4881 1376 4946 M.
1404 4880 1476 4951 Tit.
1512 4878 1544 4945 lt

320 5000 327 5029 .
402 4960 485 5027 iua'ta
510 4980 600 5039 eum,
621 4980 684 5043 que
699 4960 795 5042 mito
810 4962 849 5024 ab
866 4961 1002 5043 mtiqua·
1038 4962 1128 5028 Cos.
1148 4962 1206 5030 lll.
1229 4962 1262 5027 Ρ.
1281 4962 1314 5026 l‘.
