3775 5734
1020 412 1039 461 ἱ
1160 408 1162 413 ,

375 519 476 595 ¹205
541 578 546 589 ,
639 498 702 577 rv
965 544 967 553 ·
1222 500 1335 583 *iv
1499 515 1602 593 1206

416 677 542 741 fiune·
573 676 708 753 aleten,
734 680 824 743 sellae
855 670 971 744 'amere
1003 682 1062 745 ieie
1095 684 1288 760 abiecerunt,
1320 702 1355 746 ae
1387 686 1484 751 Deum
1513 693 1601 757 iilum

363 759 514 835 stragrtiis
525 761 832 835 oruataeimposrtuur.
844 762 901 825 Ar.
914 764 968 826 lii.
1002 767 1115 843 precati
1131 768 1214 838 suut,
1236 783 1322 843 quem
1338 783 1395 843 ego
1409 767 1599 848 ignorabam,

363 840 461 911 Titi;
492 842 528 898 ie.
554 840 605 902 lit.
628 842 804 906 Domitiani.
845 842 969 907 Morell.
1003 844 1097 905 statim
1113 863 1130 905 a
1146 847 1234 907 coelo
1252 846 1352 921 pluuia
1369 849 1598 924 delapsarum

363 920 401 981 iu
418 919 598 985 Domitiano
613 921 673 985 Tb.
689 936 721 999 9.
743 923 787 1001 fg.
798 929 838 990 28
854 938 885 982 et
905 925 967 986 Tb.
1002 941 1059 986 nor
1076 925 1194 1002 quidem
1215 927 1417 1003 frigidiiiima,
1438 931 1467 990 iu
1483 933 1597 994 Roma·

363 1014 422 1065 ιο.
455 1002 502 1079 fg.
521 1015 552 1074 7.
826 1062 830 1077 ,
1000 1021 1108 1065 uorum
1133 1022 1207 1066 vero
1245 1005 1343 1067 hostes
1370 1011 1482 1084 grando
1517 1013 1597 1090 iguis

1001 1084 1098 1158 specie
1121 1101 1156 1146 ac
1181 1085 1368 1153 fimiiitudiue
1396 1101 1426 1147 et
1449 1091 1597 1167 fulmina;

413 1188 461 1205 -·
501 1186 543 1207 ··-
583 1175 614 1223 et
642 1165 786 1236 baculus,
821 1165 852 1225 iu
884 1166 968 1227 cuius
1001 1180 1164 1242 eorumque
1191 1166 1377 1226 orationibus
1398 1185 1432 1228 ac
1454 1174 1595 1243 precibus

363 1241 491 1301 uertice
514 1258 603 1314 caput
629 1247 707 1319 eqni.
738 1246 786 1307 AE.
807 1243 967 1307 Valentiae
1000 1244 1096 1305 statim
1112 1244 1226 1319 praesto
1246 1246 1327 1306 Deus
1342 1248 1411 1319 fuit,
1428 1250 1478 1325 qui
1495 1268 1595 1329 neque

363 1318 488 1383 italiae.
513 1315 593 1387 Gela
611 1325 691 1387 sicil.
711 1326 773 1386 Tb.
791 1341 836 1401 35.
860 1327 903 1403 fg.
917 1342 945 1402 ³·
1000 1324 1100 1390 vinci,
1122 1342 1216 1400 neque
1238 1328 1397 1402 expugnari
1418 1330 1513 1399 poteil
1533 1345 1613 1397 etc..

999 1433 1039 1450 -
1081 1407 1129 1464 Ad
1147 1404 1220 1466 haec
1240 1422 1337 1467 autem
1355 1404 1465 1469 Daniel
1481 1411 1597 1473 Laero-

363 1508 468 1625 ...]ῖ.
483 1486 726 1625 [utilitia
742 1499 892 1643 ituri?
912 1502 967 1562 ¹²²·
998 1487 1594 1648 lui⁰⁸s¹iliziitt¹fiil⁶liii}

423 1704 430 1713 ,
1001 1646 1185 1707 Aduerl'eriie
1216 1644 1306 1706 sacris
1331 1643 1450 1707 Metel.
1481 1648 1595 1711 latro·-

404 1750 453 1767 ···
492 1752 533 1769 -
580 1724 753 1785 fulminibus
791 1739 968 1787 coronatum
1000 1726 1090 1806 quari
1103 1724 1270 1787 Patrisetc.
1291 1726 1372 1787 Edit.
1389 1729 1593 1804 LugdunBa·

363 1815 465 1887 caput
491 1803 661 1877 Apollinis,
683 1806 783 1879 Solia,
802 1807 960 1880 Imperato·
999 1818 1059 1867 tau.
1086 1807 1172 1871 1688.
1189 1807 1359 1880 respoudit,
1381 1808 1441 1867 duo
1460 1808 1512 1870 ilbi
1526 1812 1549 1872 1.
1566 1828 1595 1873 c.

363 1898 436 1941 rum
452 1898 514 1944 etc.
532 1882 595 1943 vid.
615 1885 741 1957 npoiio.
775 1916 817 1929 -
851 1884 965 1946 Corona
999 1885 1229 1946 demonstranda
1247 1885 1381 1958 sumens,
1414 1888 1452 1968 1)
1473 1890 1600 1963 pluuiao¹

363 1961 506 2024 radente.
535 1993 572 2011 -
615 1963 777 2026 Radiaram
795 1981 895 2049 copae.
923 1998 966 2016 -
997 1983 1060 2027 non
1092 1965 1175 2031 utilia
1199 1967 1325 2027 comites
1358 1968 1493 2030 fulmina.
1536 1971 1590 2053 a.)

365 2036 432 2107 Sol.
462 2056 521 2108 ete.
927 2074 929 2079 π
998 2046 1147 2116 imbrem,
1168 2046 1240 2105 iicet
1255 2046 1283 2106 ia
1298 2064 1359 2109 non
1373 2064 1509 2125 negetur,
1528 2069 1592 2113 noe

996 2125 1082 2188 striiie
1115 2126 1331 2187 miraculosum.
1363 2158 1404 2174 -
1444 2130 1593 2193 Nonnulli

412 2201 597 2266 Fulmintror
615 2222 667 2267 eur
682 2206 894 2282 fitadpeiiatus
910 2208 966 2269 iu·
999 2223 1120 2284 quoque
1153 2204 1316 2280 Legionem
1352 2208 1592 2273 Fulminatrieeue

363 2280 458 2357 ulter.
504 2284 594 2347 Valli.
623 2286 693 2348 Coi
714 2288 757 2349 11.
776 2304 808 2364 p.
833 2298 881 2362 15.
899 2287 964 2350 vid
997 2285 1200 2361 iammogusti
1222 2302 1299 2346 aeuo
1314 2287 1450 2348 seille-lic
1470 2290 1593 2365 dream,

364 2378 448 2429 aere
478 2380 674 2447 ranarumc,
999 2381 1029 2427 et
1047 2385 1065 2427 a
1081 2366 1209 2438 vestitu,
1238 2367 1347 2428 milites
1363 2367 1435 2429 stetit
1451 2362 1520 2443 alii,
1547 2371 1593 2433 ite

998 2461 1029 2508 et
1045 2447 1123 2508 hanc
1144 2446 1279 2518 aclipeis
1301 2448 1425 2508 fulmine
1447 2449 1592 2526 infiguitis

412 2522 727 2607 Fulminaeeix'iegio,
744 2527 902 2601 proculus
918 2529 965 2587 fa·
997 2544 1106 2588 nomeu
1121 2524 1261 2599 accepisse
1277 2528 1392 2587 volunt.
1422 2529 1484 2599 vid.
1504 2529 1590 2594 VlC.

368 2602 408 2663 lli
431 2619 556 2666 veritate
567 2605 711 2666 Beronices
731 2609 822 2668 Tem.
842 2608 876 2666 il.
901 2608 963 2668 Au·
997 2610 1098 2669 AVG.
1129 2606 1208 2681 quae'
1229 2606 1269 2664 eli
1289 2609 1372 2683 epigr
1403 2609 1447 2669 M.
1473 2611 1591 2671 Aurelii

365 2684 427 2743 uel.
450 2688 486 2743 ad
508 2688 584 2747 Anu.
602 2687 676 2749 Chr.
699 2690 766 2763 176.
794 2700 905 2765 pugnat
931 2701 962 2747 et
995 2690 1087 2753 numi.
1131 2686 1222 2748 Couf.
1241 2684 1318 2751 Mus.
1345 2686 1412 2747 Alb.
1435 2693 1459 2749 i.
1481 2706 1513 2765 p.
1535 2691 1588 2753 62.

368 2761 497 2841 thJins
514 2768 544 2827 in
560 2769 677 2828 diatrib
696 2770 733 2829 de
749 2767 960 2845 Legioneuui-
994 2769 1047 2830 vbi
1070 2769 1184 2845 agitur,
1227 2762 1429 2826 fulminareix
1466 2771 1589 2846 quaudo

363 2845 540 2918 minarticc,
572 2849 659 2907 etiem
681 2847 812 2931 Onuplrr.
832 2845 961 2909 Peneia.
995 2850 1142 2925 adpellata
1161 2847 1198 2907 srt
1218 2845 1310 2929 Legio
1324 2848 1394 2909 xii.
1417 2850 1568 2913 Melitiua.

365 2940 405 2983 ex
429 2927 757 3001 vinulentorum,
781 2926 961 3009 Capitolino,
1536 2996 1539 3001 ¹

369 3000 486 3077 Dione,
509 3003 649 3082 Eusebio,
677 3006 873 3075 Tertulliano,
897 3007 959 3081 pes·
1033 3004 1169 3067 FVLVI.
1188 3003 1366 3075 veteravi.
1389 3005 1511 3068 Fuluius
1528 3025 1592 3081 uoq.

365 3082 417 3143 rim
436 3086 554 3146 corbem
579 3090 783 3161 emendando,
805 3088 888 3150 varia
909 3086 961 3149 de·
992 3104 1071 3163 men.
1088 3086 1157 3149 vid.
1177 3080 1283 3145 Falerio
1297 3102 1392 3163 gens,
1412 3105 1487 3165 quae

365 3178 508 3238 promens
524 3182 707 3243 argrtmenta,
722 3170 875 3228 eertiilnna
884 3166 960 3227 baec

364 3248 517 3307 recensere
534 3249 690 3309 allaborat.
711 3249 960 3323 Epistoiamquo-
1036 3243 1142 3311 Peleia
1161 3262 1234 3321 gens
1255 3262 1272 3307 e
1290 3244 1422 3307 micula
1447 3247 1589 3324 brioude,

367 3342 424 3403 que
438 3326 491 3388 M.
508 3327 624 3389 Aurelii
640 3329 697 3389 hac
712 3331 748 3390 de
763 3329 890 3389 viderit
910 3345 960 3388 ac·
991 3340 1027 3395 ‚m
1042 3327 1139 3389 innuit
1156 3325 1258 3387 Cicero
1273 3325 1385 3409 Philip.
1393 3326 1448 3387 lli.
1459 3328 1508 3387 eti
1520 3329 1586 3402 ple-

366 3418 467 3467 curate
483 3409 680 3483 conscriptam
702 3422 732 3469 et
747 3410 778 3471 in
799 3409 858 3470 fiee
874 3422 959 3469 retu·
992 3410 1078 3480 beia,
1106 3406 1273 3471 bonoribus
1309 3419 1405 3466 tamen
1437 3420 1467 3467 et
1493 3411 1585 3471 rebus

367 3483 471 3547 ilidimi
492 3489 605 3549 codicis
620 3489 822 3557 bibliothecae
837 3486 959 3549 Vatica·
992 3486 1081 3565 gestis
1098 3487 1189 3559 clara.
1229 3488 1278 3553 nb
1298 3487 1427 3547 Hercule
1452 3488 1585 3550 Tusculo

366 3580 420 3626 nae
438 3584 563 3642 operum
584 3564 614 3628 S.
628 3566 730 3645 iustine·
737 3569 913 3643 Philosophi
928 3580 960 3629 et
991 3569 1145 3633 &duliam
1161 3569 1300 3639 medient,
1319 3566 1459 3643 illamque
1474 3572 1510 3629 ab
1531 3587 1586 3629 eo.-

365 3642 509 3725 Martyris
530 3663 678 3723 repertam
707 3650 768 3725 ipse
797 3651 899 3721 addit,
927 3650 960 3710 iu
992 3651 1060 3709 dem
1074 3648 1134 3708 iem
1145 3646 1300 3719 laboribus
1321 3648 1476 3720 perfuncto
1503 3649 1585 3711 sacra

366 3742 424 3803 qua
442 3742 583 3790 notatur:
604 3732 714 3805 „Eos,
736 3731 788 3807 qui
803 3730 881 3803 apud
901 3745 959 3790 uos
992 3725 1134 3801 accepisse
1167 3724 1268 3803 Cicero
1300 3727 1403 3786 itidem
1438 3728 1528 3789 docet
1552 3730 1585 3791 iu

363 3806 513 3869 ciuiliiaui
529 3810 687 3884 dicunmr,
707 3827 765 3887 ego
785 3805 853 3887 (M.
862 3809 959 3869 Aure·
994 3808 1078 3870 Orat.
1098 3824 1154 3883 pro
1170 3808 1262 3868 domo
1279 3806 1341 3880 lue.¹
1387 3804 1478 3868 Vtill.
1499 3808 1584 3875 Fam.

363 3882 442 3969 lius)
460 3890 601 3950 accerstui
616 3908 650 3952 ac
666 3890 785 3967 rogaui,
798 3890 959 3965 iuraeuique
993 3890 1029 3951 ir.
1047 3887 1117 3949 Coi.
1138 3887 1164 3949 i.
1182 3906 1213 3960 p.
1228 3905 1278 3962 23.
1303 3903 1372 3960 1¹3·
1391 3900 1433 3935 -ό
1463 3887 1583 3953 Nomen

363 3982 500 4043 magnam
514 3986 618 4031 eorum
633 3968 959 4040 multitudinemiiios·
993 3968 1127 4029 desumiit
1151 3968 1271 4029 afuluo
1300 3967 1414 4027 colore.
1466 3968 1500 4029 in
1521 3984 1583 4032 tres

378 4066 419 4111 ue
437 4052 536 4110 nunus
555 4052 711 4125 compuli,
732 4050 816 4126 quod
838 4049 958 4111 minime
991 4049 1119 4110 familias
1136 4047 1365 4124 cognominibus
1381 4047 1521 4111 dicretae
1537 4052 1583 4111 di·

363 4062 521 4196 iecuerat,
542 4145 666 4205 propter
679 4129 871 4207 quodpouea
888 4129 958 4189 iiio·
991 4129 1054 4191 uisa
1066 4129 1126 4187 este
1147 4129 1224 4188 Natu
1243 4124 1406 4188 Nobiliorer
1422 4144 1452 4189 et
1463 4126 1584 4195 Partiri

363 4227 427 4271 rum
459 4211 522 4273 vim
543 4228 578 4271 sc
609 4212 784 4285 potestatem
814 4210 957 4285 cognomi
989 4212 1132 4285 primam,
1174 4205 1341 4268 centaurii
1374 4208 1529 4271 secundem
1551 4224 1582 4274 et

363 4292 413 4363 iii,
437 4308 505 4351 cum
520 4291 549 4351 se
563 4289 764 4366 proieciiieut,
781 4306 843 4350 nou
860 4288 956 4351 solum
994 4289 1092 4352 Flacci
1110 4289 1229 4353 tertiam
1245 4290 1391 4349 obtinent.
1433 4290 1510 4350 Cum
1531 4292 1584 4351 de·

363 4373 475 4445 precati
492 4371 555 4433 suut
571 4389 628 4444 pro
645 4390 712 4444 me,
731 4370 883 4431 sedetiam
899 4386 955 4445 pro
987 4369 1065 4432 rarii
1080 4384 1116 4427 cx
1133 4384 1233 4429 earum
1253 4369 1428 4445 antiquitate
1446 4387 1506 4430 non
1534 4372 1582 4431 su.

363 4464 428 4515 :oto
447 4451 508 4512 boc
526 4454 672 4518 exercitu,
691 4464 727 4511 ut
741 4448 955 4523 fanusaciitis,
988 4448 1118 4525 periint,
1154 4449 1260 4513 ordine
1291 4449 1480 4523 alphabetico
1508 4450 1580 4511 iilos

363 4546 420 4609 gua
436 4533 632 4607 urgebamur,
651 4532 815 4595 remedium
832 4530 955 4607 aliquod
989 4529 1125 4604 exposuit
1141 4525 1332 4591 Vuillunriat,
1351 4560 1392 4572 —
1415 4527 1584 4591 centaurii

363 4612 534 4682 tdr'erarura
570 4614 699 4689 quinque
735 4613 813 4671 enim
847 4612 954 4671 diebus
989 4609 1242 4687 cognomenAne.
1261 4606 1437 4690 Augustinus
1453 4611 1581 4683 pouriiie

363 4708 468 4769 equam
485 4706 547 4751 uon
570 4690 780 4763 stranieramus,
811 4692 896 4767 quod
920 4707 956 4751 ee
989 4690 1129 4750 deducit
1146 4704 1257 4749 eternae
1279 4686 1430 4768 eruribus,
1452 4691 1580 4762 primum

363 4789 419 4838 tou
456 4771 647 4845 suppeteret,
675 4790 791 4833 emmas
819 4771 899 4831 euim
923 4771 955 4831 in
988 4772 1089 4847 itaque
1129 4770 1213 4830 fuiile
1247 4774 1445 4831 centimanum
1471 4770 1581 4843 dilium

363 4852 458 4918 media
474 4852 634 4912 Germania
648 4855 800 4913 montibus
823 4851 956 4927 undique
987 4850 1168 4925 inspicatur:
1192 4852 1341 4920 litteram,
1360 4848 1472 4924 iuquit,
1491 4850 1533 4917 Ν.
1549 4853 1581 4917 in

363 4930 500 4999 :oneum
543 4933 751 5001 simulantem
768 4945 858 5017 atque
872 4930 957 5001 burri
987 4932 1027 5003 i..
1044 4930 1151 5001 mutui
1165 4931 1263 4999 bidui
1288 4922 1506 5013 peruenire,
1528 4949 1582 5081 effi
