3775 5734
363 565 385 638 ς
559 544 620 619 GE
863 489 884 553 ⁰'
1103 566 1107 575 ·
1193 546 1255 622 GE
1423 524 1524 649 138&

363 719 489 785 ENIVS
525 723 673 785 POPVLI
708 725 886 787 ROMANI.
967 724 1077 785 Genius
1099 728 1239 787 tutelonis
1257 724 1392 806 Africae.
1425 730 1519 794 Conf.

363 796 450 875 iiii.
472 820 541 881 eum
559 819 662 877 patera
689 820 720 864 et
738 824 887 867 cornuco·
928 802 1021 869 Voill.
1038 809 1120 879 Fam.
1139 809 1255 874 Licinia
1274 809 1311 868 ad
1332 811 1374 887 fg.
1392 826 1440 889 14.

363 884 440 963 pAE.
460 884 621 946 Maximini
638 887 749 946 Dazae.
790 885 887 947 Borrd.
1176 956 1180 969 Ι

363 974 381 1057 ς
399 964 470 1039 176.
962 994 1004 1009 -
1050 962 1125 1041 Tyri
1142 969 1245 1034 vrbis,
1275 969 1383 1031 mulier
1407 969 1523 1032 succin-

923 1046 968 1106 ἂι
992 1047 1113 1107 ibrum
1139 1048 1259 1108 calatho
1287 1050 1316 1110 in
1342 1049 1460 1123 capite,
1490 1052 1521 1112 d.

376 1170 380 1175 -
408 1124 443 1185 Ρ.
462 1126 502 1187 R.
534 1124 641 1208 Populi
661 1126 795 1187 Romani.
826 1126 887 1187 Ca·
921 1127 1023 1187 versus
1049 1145 1084 1187 os
1113 1131 1269 1199 admouet,
1295 1131 1363 1189 s.c.
1380 1147 1407 1189 c.
1430 1132 1521 1207 gerit,

363 1206 496 1267 Gallieni
533 1209 678 1267 radiatum
716 1222 744 1265 et
767 1209 886 1267 calatho
921 1224 977 1278 pro
998 1209 1124 1279 pedibus
1150 1208 1221 1273 hine
1247 1226 1319 1284 ara,
1354 1211 1423 1269 inde
1448 1229 1520 1272 con·

363 1302 438 1349 tum.
480 1282 520 1367 )(
562 1288 648 1346 INT.
672 1284 765 1346 VRB.
794 1292 825 1348 S.
846 1288 884 1347 C.
922 1287 1066 1363 chylium.
1086 1307 1117 1350 v.
1146 1289 1251 1365 Tyrus.

363 1370 407 1427 hu
438 1364 548 1445 Vrbis,
579 1365 704 1427 Senatus
735 1364 884 1441 Consulto,
916 1368 920 1381 '
1216 1400 1219 1407 ·

388 1466 545 1509 coronam.
574 1450 613 1507 rii
638 1466 664 1506 1.
684 1466 714 1507 α.
747 1450 884 1508 Gallieno
960 1477 1000 1493 -
1041 1446 1121 1506 eriis
1138 1448 1520 1527 velregionisvariosehe·

363 1525 558 1601 oadscripti.
595 1525 690 1588 linnd.
718 1528 743 1587 1.
766 1545 798 1601 p.
817 1545 884 1603 ¹92·
921 1542 1000 1588 mate
1033 1523 1110 1602 apud
1149 1532 1279 1604 populos
1312 1533 1518 1610 effingebatur.

363 1612 378 1689 )
423 1604 529 1689 Beger.
545 1608 605 1669 Tb.
623 1611 673 1668 Be.
692 1608 725 1667 11.
748 1627 778 1682 p.
793 1609 885 1688 745.)
923 1604 1013 1684 Oisel.
1041 1611 1101 1670 Sel.
1124 1610 1214 1670 Num.
1237 1627 1266 1684 p.
1295 1629 1366 1690 214.
1395 1615 1445 1674 vel
1464 1614 1518 1676 sub

363 1688 409 1750 ni.
428 1690 498 1750 Cat.
515 1692 547 1749 ll.
570 1709 599 1763 p.
622 1686 712 1767 378.)
756 1686 886 1768 Guffeme
920 1690 1053 1749 mulieris
1075 1692 1197 1749 turritae
1218 1690 1334 1764 specie,
1352 1706 1387 1753 vt
1411 1695 1441 1753 in
1461 1696 1518 1770 Sy·

363 1786 388 1830 ι.
409 1786 479 1845 307.
501 1789 531 1829 ιι.
549 1771 622 1853 65.)
652 1762 775 1842 llsrtsell.
788 1770 883 1844 impp.
919 1771 976 1841 ria,
998 1769 1171 1843 Phoenicia,
1186 1770 1517 1847 Mesopotamia,modo

365 1869 438 1913 aaa.
462 1853 503 1926 fg.
519 1852 568 1934 5.)
612 1846 827 1924 Perimlmpp.
853 1869 882 1924 p.
919 1850 1013 1926 ligura
1034 1852 1149 1925 integra
1174 1851 1345 1912 monticulis
1376 1853 1517 1928 insidens,

363 1934 379 2015 )
427 1932 474 1990 M.
498 1930 605 2012 Tirenp.
624 1949 652 2005 p.
663 1932 732 2008 640.
755 1963 797 1977 -·
837 1931 885 1990 sed
919 1932 1011 1990 modo
1029 1931 1149 2004 penore
1167 1944 1268 2003 tenus,
1289 1935 1338 1991 vel
1359 1935 1388 1993 d.
1406 1932 1519 1996 hastam
1602 1982 1608 1991 .

363 2010 388 2090 ι(
411 2016 443 2074 S.
460 2014 498 2071 C.
516 2016 545 2071 in
565 2029 687 2071 corona.
713 2008 806 2069 linnd.
819 2010 884 2092 ib.)
919 2028 975 2082 pro
998 2010 1187 2077 defensione,
1219 2014 1269 2073 vel
1292 2030 1406 2073 ramum
1433 2016 1517 2087 pecie
1562 2034 1566 2047 ·

363 2091 421 2151 'enoc
439 2092 483 2153 lli.
506 2110 536 2166 p.
556 2100 623 2167 318.
645 2111 675 2153 ιι.
689 2104 759 2165 215.
917 2090 1051 2165 migne,
1072 2093 1121 2150 vei
1140 2093 1233 2165 spicas
1257 2093 1403 2166 ostentat,
1425 2109 1517 2167 prout

916 2171 947 2230 in
976 2190 1006 2230 ιι.
1033 2171 1214 2231 Antiochiae
1237 2174 1358 2249 syriae.
1387 2174 1518 2234 Carrha-

363 2254 439 2311 enin,-
450 2250 639 2311 Ptolemaidis
655 2251 806 2317 coloniae,
819 2270 884 2313 mu·
916 2268 982 2311 rum
1009 2266 1066 2311 etc.
1093 2252 1114 2311 s.
1142 2270 1168 2311 c.
1187 2270 1214 2316 c.
1238 2255 1274 2312 ad
1298 2255 1429 2313 omnium
1451 2256 1514 2316 fru-
1541 2318 1544 2331 ,

363 2337 469 2393 turrita
485 2350 515 2393 et
532 2336 664 2393 tunicata
681 2333 713 2393 st.
739 2333 767 2392 d.
786 2346 882 2393 temo·
917 2348 987 2406 gum
1004 2332 1211 2392 abundantiam
1232 2334 1261 2394 in
1278 2335 1358 2410 agris
1381 2334 1439 2394 suis
1461 2336 1515 2395 de-

363 2412 417 2491 ,s.
437 2433 466 2476 c.
482 2432 508 2475 c.
532 2415 595 2475 vid.
619 2411 787 2473 Ptolemais.
915 2414 1089 2471 notandam.
1120 2408 1206 2473 Vana
1225 2428 1377 2487 praeterea
1394 2416 1515 2476 vrbiuna

821 2556 824 2561 ,
916 2505 979 2551 erat
996 2510 1065 2568 erga
1081 2493 1278 2567 Imperatores
1298 2496 1443 2568 adulatio,
1461 2512 1516 2556 eoe

363 2604 367 2617 ·
408 2575 516 2635 Rome
544 2576 676 2650 galeatus
698 2574 728 2633 in
750 2570 881 2639 denariis
915 2575 999 2633 vrbis
1027 2575 1093 2633 suae
1120 2576 1244 2650 genior,
1265 2589 1413 2651 tamquam
1435 2589 1516 2636 tute·

363 2656 489 2716 alaribus
511 2657 631 2716 obuius.
811 2686 814 2693 ·
857 2694 862 2707 .
916 2653 994 2713 lares
1017 2653 1090 2713 de'os
1113 2672 1169 2729 pro
1188 2656 1336 2716 beneficio
1356 2658 1405 2716 vel
1426 2658 1515 2716 mini·

916 2751 967 2793 mo
991 2736 1155 2794 nominare.
1200 2735 1258 2795 Vei
1282 2736 1335 2796 sttb
1363 2737 1514 2797 Fortunae

410 2813 547 2882 Senatus,
566 2816 674 2892 Figura
688 2824 792 2892 togata
808 2814 838 2875 st.
850 2816 881 2876 d.
916 2815 1044 2892 imagine
1065 2816 1161 2891 capite
1180 2818 1310 2876 tutulato
1329 2835 1394 2878 cum
1416 2830 1513 2878 temo·

363 2896 424 2957 ense
442 2914 555 2957 ramum
581 2898 658 2973 gerit
682 2914 708 2955 c.
728 2898 824 2972 epigr.
845 2896 878 2954 P.
915 2910 952 2953 ne
977 2910 1007 2954 et
1033 2913 1058 2954 c.
1086 2913 1112 2955 c.
1142 2898 1377 2969 repraesentatur
1407 2898 1512 2974 geniata

363 2976 420 3040 TR.
440 2977 529 3039 COS.
546 2978 577 3036 P.
596 2978 628 3037 P.
650 2983 701 3055 Αἱ.
733 2977 880 3036 Gordiani
914 2976 1190 3048 vrbis,praesettim
1204 2976 1233 3035 in
1244 2978 1394 3051 Augustis.
1418 2974 1512 3038 Varii.

363 3059 506 3118 amison.
554 3054 646 3118 Voill.
662 3055 879 3131 Pr.li.p.295.
916 3054 986 3114 Col.
1004 3056 1027 3113 1.
1053 3072 1083 3128 p.
1107 3068 1158 3131 97.
1187 3069 1254 3129 157.
1276 3059 1342 3122 168.
1372 3059 1404 3116 ll.
1426 3074 1457 3130 p.
1480 3075 1514 3135 5,

363 3140 399 3198 u.
427 3151 551 3213 togatae
571 3140 603 3199 d.
624 3152 760 3210 tamum,
780 3136 803 3198 s.
828 3138 881 3196 sci·
916 3135 988 3215 52.)
1019 3133 1106 3196 Liele
1125 3135 1220 3197 Gotlr.
1238 3136 1329 3197 Nun.
1353 3153 1383 3210 p.
1398 3154 1470 3215 420.

363 3236 406 3278 em
423 3222 597 3279 ebmneutn.
616 3236 655 3279 m.
671 3217 816 3281 Antonini
826 3217 880 3292 pii.

366 3298 502 3361 GENIO
528 3298 729 3361 SENATVS.
961 3325 1003 3341 -
1042 3325 1082 3341 —
1122 3292 1225 3355 sedens
1248 3296 1279 3356 d.
1300 3309 1455 3373 pateram,
1487 3296 1514 3361 s.

916 3378 1072 3451 puerulum
1115 3376 1215 3436 fasciis
1240 3376 1432 3448 inuolutum
1471 3396 1509 3440 ex

407 3456 544 3535 Sidonis,
563 3459 671 3523 mulier
687 3458 814 3523 turrita,
845 3471 881 3517 vt
916 3461 982 3519 adu.
995 3458 1188 3530 Aesculapius
1205 3475 1271 3517 cum
1291 3458 1452 3519 attributis.
1473 3476 1506 3521 n.

363 3540 483 3614 opulis,
505 3557 534 3600 et
551 3540 657 3600 stolata
673 3538 881 3601 Romanorum
914 3540 1062 3616 Mytilen.
1082 3549 1112 3598 et
1126 3536 1299 3615 Pergamen.
1318 3537 1471 3600 Concord.
1566 3586 1568 3591 .

373 3660 386 3687 ,
411 3636 444 3680 vt
460 3622 601 3694 colonia,
622 3620 719 3691 stans,
741 3622 771 3680 d.
797 3633 881 3693 pate·
1263 3622 1268 3637 ·

363 3704 448 3774 stepen
465 3720 545 3761 aram
563 3719 618 3775 pro
633 3701 815 3775 Imperatore
836 3700 880 3761 sa·
953 3730 995 3745 —
1034 3730 1076 3749 -·
1110 3699 1223 3759 mulier
1258 3699 1392 3769 dextram
1414 3699 1512 3777 itmgit

363 3800 432 3841 ans.
452 3800 483 3855 y.
503 3780 604 3843 Sidon.
756 3788 763 3805 ‘
913 3798 982 3844 cum
998 3782 1163 3840 Amazone.
1178 3797 1210 3840 n.
1226 3781 1344 3856 Smyrn.

408 3938 512 4015 Syr-ine
528 3942 701 4021 prouinciae
715 3941 767 4002 sub
777 3940 882 4001 mulie·
954 3970 996 3989 ·-
1037 3970 1076 3987 -
1116 3939 1219 4000 sedens
1235 3941 1313 3998 inter
1329 3937 1461 4014 caprum
1479 3953 1511 4013 et

363 4024 465 4096 eapite
487 4025 616 4096 turrito,
635 4024 820 4096 praesertim
849 4023 879 4081 in
912 4022 1029 4100 Lycum
1044 4014 1164 4082 iiuuios.
1190 4038 1221 4080 n.
1237 4020 1416 4081 Laudiceae.

363 4106 435 4163 ariis
459 4108 585 4166 urbibus
617 4105 745 4164 eiusdem
768 4104 879 4164 traduc

363 4200 452 4246 netur.
954 4210 997 4225 -
1033 4212 1076 4227 -
1115 4178 1509 4244 st.c11mc.c.exaduerso

913 4262 1032 4340 Cybele
1046 4278 1079 4323 ιι.
1094 4258 1278 4324 Phocaeens.

363 4378 365 4390 ·
410 4340 580 4421 Troadensts
613 4345 696 4405 vrbis
724 4354 822 4403 turres
847 4344 879 4404 in
1467 4398 1470 4409 .

365 4425 880 4504 e,tanquamregionisprimaria,et
953 4455 993 4469 -
1037 4453 1074 4468 —
1114 4422 1145 4481 st.
1165 4437 1204 4481 ex
1222 4423 1291 4485 adu.
1307 4424 1402 4483 Diana
1419 4436 1512 4483 vena·
1592 4422 1594 4427 '

363 4508 441 4567 tibus
458 4507 566 4567 validis
583 4508 689 4577 cineta,
708 4508 794 4581 gerit.
817 4505 879 4564 Ve·
912 4504 982 4565 trix.
1003 4520 1035 4567 ιι.
1056 4498 1254 4585 Tabenorum
1269 4506 1393 4582 Lydiae.

363 4604 390 4655 m
403 4588 519 4651 adstare
532 4590 623 4662 capiti
639 4589 724 4658 cius,
743 4587 794 4645 seu
805 4586 836 4645 in
854 4586 877 4645 i.

363 4669 506 4745 tinguit.
534 4682 695 4728 veteranos
717 4684 733 4727 a
755 4666 879 4727 Troada
952 4692 996 4709 -
1032 4696 1075 4710 -
1112 4662 1147 4725 st.
1176 4661 1254 4727 inter
1282 4664 1444 4724 Fortunam
1477 4671 1510 4725 et

363 4742 549 4815 meminisses,
569 4748 709 4809 coloniae
725 4750 802 4807 enim
822 4746 878 4805 mi·
912 4744 1129 4821 Imperatorem
1146 4746 1235 4806 Alex.
1253 4744 1405 4806 Seuerum.

363 4826 382 4889 ia
407 4844 472 4891 erat
507 4829 674 4908 symbolum
683 4842 704 4899 ς.
726 4826 880 4887 Victoriae
1169 4844 1171 4849 ·

363 4908 582 4972 nisrmnlaerum
596 4911 626 4969 in
644 4910 673 4967 d.
685 4911 725 4968 ob
738 4908 879 4984 insignem
954 4934 997 4950 —
1033 4936 1074 4951 -
1116 4925 1152 4967 ex
1188 4905 1312 4967 aduerso
1344 4905 1510 4979 Imperator

363 4987 880 5051 :indriseueridePerstsvidoriam.
914 4986 1035 5050 liantcs.
1058 5006 1088 5049 ιι.
1108 4988 1203 5049 Tarsa.

363 5088 368 5097 ‘
956 5070 1013 5129 Xx
1042 5082 1059 5143 3
1403 5062 1512 5124 (retains
