3775 5734
280 498 327 571 17
416 502 422 517 ·
500 472 555 551 sl)
893 513 903 533 ·
1013 430 1016 439 ⁴
1137 469 1220 557 171.ι
1361 426 1460 565 1118
1537 524 1565 555 ·.

280 656 325 715 iae
347 656 377 715 in
400 652 589 729 Campaniam
599 672 629 719 et
644 660 673 719 in
696 657 829 723 Siciliam
861 656 892 719 se
916 654 1034 731 statuit3
1056 672 1092 717 en
1111 654 1312 737 eirrsuverba:
1331 654 1465 717 Admisit
1556 672 1562 685 ·

280 753 381 797 unere.
404 738 520 797 Nititur
538 741 603 799 eius
623 754 829 817 argumentum
862 738 996 799 semelae
1013 740 1152 797 adnotata
1168 734 1225 794 hac
1240 735 1478 804 obseruatione,·

280 816 356 877 adam
367 814 519 877 Macrobii
544 821 616 879 loco
635 821 666 880 in
691 823 830 885 Saturna·
863 832 970 893 nempe
986 817 1115 878 Acheloi
1131 816 1258 877 fluminis
1274 814 1304 875 in
1314 815 1466 877 Oeniada-

280 898 361 957 rei..
388 898 410 957 l.
441 916 469 960 c.
491 904 537 965 18·
561 918 648 975 quent
669 902 726 959 iam
745 914 832 959 antea
863 916 929 961 rum
952 900 1061 971 numis,
1087 914 1150 957 eam
1173 896 1262 957 nobie
1282 895 1334 956 vsu
1358 898 1464 965 venire

280 978 395 1039 tulerat
416 976 617 1039 lacrimem.
638 978 831 1038 Mamurius
865 980 1050 1053 experiemur
1076 978 1120 1037 in·
1138 976 1203 1037 aliis
1239 976 1328 1037 etiam
1354 978 1465 1050 nuntie,

286 1074 366 1119 nouo
383 1058 541 1119 Thesauro
566 1074 700 1121 veterum
724 1060 829 1120 lnl'cri·
866 1075 944 1135 quoe
978 1058 1144 1119 Minotauri
1174 1058 1272 1130 eapite
1308 1057 1464 1133 insignitos

280 1154 366 1199 enum
388 1138 462 1198 Vol.
485 1141 509 1197 1.
527 1139 605 1200 class.
632 1159 658 1200 1.
679 1158 708 1217 p.
727 1156 776 1213 97.
793 1140 824 1199 in
862 1140 955 1215 vulgo
972 1140 1130 1210 iadlant‚in
1147 1139 1253 1213 quibus
1269 1154 1329 1197 non
1344 1139 1466 1213 dubito,

280 1233 290 1279 >
319 1218 441 1283 dicitur,
464 1220 605 1281 Liberum
622 1220 738 1281 Patrem
757 1237 828 1280 eun·
863 1234 991 1281 cornute
1019 1220 1162 1279 eiulinodi
1185 1218 1283 1291 capita
1299 1218 1399 1291 potius'
1416 1235 1466 1279 re·

280 1316 353 1359 nec
380 1301 482 1361 Solem
506 1300 575 1374 ess'e,
598 1301 718 1377 eiusque
745 1300 830 1363 sauru-
862 1300 986 1360 serenda
1013 1300 1068 1359 ell'e
1095 1301 1131 1358 ad
1149 1299 1256 1358 fluuios
1279 1299 1403 1359 vrbibus
1426 1300 1468 1359 il·

280 1396 312 1439 re
336 1376 467 1445 veteres,
488 1383 595 1453 partim
616 1384 735 1454 puerili,
760 1398 828 1454 par·
863 1381 915 1446 lis,
937 1380 973 1439 ad
995 1398 1068 1457 quas
1085 1381 1165 1441 numi
1186 1379 1315 1453 speciant
1331 1379 1464 1440 vicinos.

280 1476 289 1517 ι
309 1458 430 1521 iuuenili
450 1474 547 1519 aetate
566 1462 704 1537 effingere
722 1462 828 1521 solitos
862 1456 1044 1521 Sententiam
1072 1459 1148 1518 hanc
1167 1460 1225 1518 iam
1246 1458 1360 1532 pridem
1378 1474 1466 1521 antee

280 1556 305 1612 e,
327 1542 473 1613 interdurn
494 1542 583 1601 etiam
595 1546 718 1602 barbata
733 1542 830 1615 specie
864 1540 1060 1615 proposuerat
1076 1539 1184 1599 Petrus
1197 1536 1329 1599 Currere
1340 1540 1369 1599 in
1384 1541 1466 1613 Ope·

298 1618 390 1685 senili.
418 1622 464 1679 vti
496 1622 723 1694 Graeeilllius,
743 1639 831 1698 quem
865 1640 899 1681 re
910 1622 1041 1695 lupetius
1060 1622 1172 1681 citato:
1197 1620 1347 1680 Memorio
1369 1622 1469 1681 Sturi-

280 1698 375 1774 lsarea,
389 1700 447 1759 siue
470 1701 581 1775 Brisea,
596 1717 627 1762 et
649 1704 680 1763 in
704 1702 832 1783 Campe·
866 1700 922 1761 che
947 1704 983 1761 de
1008 1702 1133 1762 Catania
1160 1713 1218 1759 ete.
1242 1718 1272 1773 p.
1297 1701 1348 1777 63.
1370 1716 1466 1777 eaque

280 1780 653 1854 rNeapolitaniHebonem
672 1785 831 1857 adpellant.
867 1782 962 1859 ligura
975 1784 1006 1842 in
1024 1783 1117 1843 Gelae
1133 1782 1215 1840 vrbis
1233 1781 1465 1843 numislluuium

310 1863 445 1939 quamuis
478 1878 515 1921 ex
544 1861 696 1923 Macrobii
718 1864 833 1937 verbis,
866 1863 961 1936 ipsum
991 1864 1096 1923 Gelam
1125 1862 1250 1921 indicari
1284 1862 1467 1924 firmauerat.

280 1956 368 2003 oecos
390 1956 420 2000 et
436 1942 654 2015 Neapolitanos
670 1943 834 2004 Bassareum
865 1974 906 2013 ·.-
925 1942 1469 2013 Postremahaecopiniolnteromnes

280 2034 297 2077 e
311 2022 468 2083 Heboueru
483 2023 565 2082 senili
581 2026 679 2085 forma
694 2022 833 2084 effinxisse
868 2024 1038 2097 aptiotvisn
1053 2022 1093 2082 est
1105 2023 1232 2095 principi
1254 2018 1468 2081 Tora-tenuem

280 2110 348 2185 [mm
362 2100 478 2175 fiunem
493 2104 563 2164 inde
577 2104 720 2181 sequium,
735 2120 833 2180 neque
866 2120 964 2179 neque
981 2102 1031 2163 diu
1041 2106 1076 2162 ad
1093 2120 1157 2162 earn
1174 2102 1467 2175 tnpleuandaman-

299 2197 337 2265 eo
374 2182 513 2257 habetur,
548 2188 667 2245 taurino
690 2201 833 2257 corpore,
867 2194 938 2257 ceps
956 2183 1028 2257 fuit,
1050 2198 1080 2244 et
1103 2184 1223 2261 quidem
1249 2200 1289 2242 ex
1314 2183 1395 2243 hisce
1419 2201 1494 2247 ra·.
1578 2200 1588 2205 ··

280 2256 312 2321 :le
327 2278 404 2325 vero
427 2263 557 2324 hominis
581 2266 666 2325 illum
692 2260 832 2341 lipurari3
866 2264 1018 2324 tionibus:
1471 2290 1473 2295 ·

280 2354 329 2415 lue
347 2342 462 2406 adhoc
480 2345 736 2406 demonstrandum
760 2362 833 2418 pro·
909 2342 1027 2406 Primo:
1056 2343 1178 2405 Fluulus
1210 2344 1242 2405 in
1278 2344 1469 2407 ethnicorum

280 2434 338 2483 unt
357 2440 405 2496 ea,
423 2442 498 2500 quae
517 2440 554 2483 ex
575 2428 681 2485 eodem
709 2424 831 2485 Macro·
865 2425 1013 2501 religione
1041 2426 1161 2485 diuinos
1186 2423 1318 2485 honores
1337 2426 1471 2486 habuisse

296 2506 444 2575 posterius
470 2506 573 2564 retulit
596 2504 832 2567 diaria-ellim:
864 2516 954 2566 nemo
972 2508 1103 2582 negabit,
1127 2506 1177 2581 qui
1203 2504 1334 2570 Gerurdi
1353 2506 1470 2565 donnatis

280 2592 371 2645 mam
390 2600 498 2659 nempe
515 2587 592 2645 tauri
609 2588 646 2645 a'd
662 2586 762 2647 Solem
783 2604 829 2647 re·
870 2580 953 2662 Voffii
975 2588 1011 2645 de
1040 2586 1214 2647 ldololatria
1238 2600 1294 2645 ete.
1312 2606 1339 2644 e.
1362 2602 1400 2661 79
1422 2586 1468 2663 sq.

280 2660 327 2735 ·i;
347 2682 413 2725 nam
435 2682 473 2725 eo
499 2667 529 2725 in
547 2667 617 2727 loco
637 2667 770 2744 loquitur
793 2669 830 2728 de
872 2681 902 2726 et
932 2662 1003 2743 lusti
1045 2666 1201 2728 lietduini
1236 2668 1272 2726 de
1316 2668 1468 2744 Antiquit.

280 2740 359 2805 liaci
378 2744 536 2823 ignienti
553 2747 618 2807 sunt
646 2749 736 2821 aries,
755 2750 835 2809 scor·
871 2748 988 2808 Hortae
1014 2760 1072 2807 etc.
1097 2748 1131 2805 L.
1148 2748 1171 2807 1.
1197 2764 1224 2807 c.
1253 2754 1282 2813 8.
1306 2746 1377 2806 itern
1405 2744 1469 2811 Ion.

280 2860 287 2889 l
316 2826 382 2899 leo,
403 2840 506 2885 taurus
525 2841 555 2886 et
580 2829 650 2901 alia,
670 2846 745 2905 quae
767 2830 836 2889 iux·
873 2826 1006 2889 Gorrlieh
1032 2822 1157 2908 Boffeck,
1182 2828 1333 2887 dill'ertatt.
1371 2829 1405 2889 11.
1431 2831 1471 2889 de

280 2902 442 2967 Macrobii
474 2924 622 2981 mentem,
644 2910 703 2985 ‘qui
738 2909 835 2971 ethni-
869 2908 1471 2989 cultulluminum,Lipsrae.1743.alio·

280 2999 337 3047 lent
357 3004 475 3047 omnem
489 2990 832 3051 cultunrsolidiredum
866 3004 993 3067 rumque
1017 3006 1107 3062 opera
1130 2988 1320 3061 percurrerit.
1358 2990 1469 3052 Causae

299 3066 357 3128 srbi
371 3068 520 3141 persuasit,
542 3084 659 3129 veteres
679 3071 715 3128 ad
732 3072 834 3131 Solem
865 3068 984 3131 lnsanae
994 3085 1127 3129 veterum
1146 3085 1215 3145 erga
1225 3070 1332 3129 lluuios
1343 3066 1472 3147 religio-¹

284 3151 414 3208 rebant.
456 3150 513 3209 llis
528 3151 615 3221 adde,
641 3150 747 3211 mirum
769 3167 832 3209 eer-
867 3152 914 3211 nia
928 3167 963 3209 ac
980 3150 1142 3209 diuinitatis
1159 3149 1387 3222 comprehendit
1395 3166 1470 3223 pau-

279 3228 347 3289 dfe.
369 3228 535 3289 Phoenices
565 3228 691 3289 Helonis
710 3232 834 3309 liguram
868 3231 911 3291 cis
941 3226 1096 3288 Maximus
1133 3229 1238 3305 'l'yrius
1269 3232 1364 3299 serm.
1393 3238 1471 3305 38„¹
1542 3256 1544 3261 ·

300 3312 403 3369 soture
425 3309 519 3369 solum
545 3312 579 3369 in·
595 3312 726 3371 Siciliam
756 3325 785 3371 et
804 3312 833 3371 in
868 3311 918 3373 Est
940 3311 1019 3381 suus,
1053 3312 1161 3387 inquit,
1182 3311 1279 3370 lluuiis
1298 3311 1396 3369 honor
1419 3324 1473 3373 aut

280 3390 427 3467 repaniam
475 3391 628 3465 induxisse,
664 3393 834 3468 nullamque
869 3392 910 3452 'ob
940 3393 1111 3463 utilitatem,
1142 3392 1295 3467 quomodo
1322 3392 1469 3467 Aegtptii

291 3486 336 3529 ea
366 3472 484 3543 penitus
508 3474 681 3531 memoriani
708 3473 834 3533 inueniri
870 3473 975 3534 colunt
1005 3468 1127 3542 Nilum
1157 3484 1206 3531 aut
1228 3474 1267 3529 oh
1293 3472 1470 3545 pulcritudi-

283 3552 345 3609 tot
377 3550 559 3611 Phoenicum
586 3554 715 3615 coloniis
739 3554 836 3627 pressim
869 3570 952 3625 nem,
980 3566 1013 3613 vt
1035 3552 1157 3613 Peneum
1184 3551 1333 3622 'l'heisali3
1360 3567 1410 3611 aut
1428 3544 1499 3613 ob·

321 3630 610 3706 Euromenmdana
637 3649 668 3692 et
701 3634 836 3695 Africam
870 3634 1114 3711 magnitudinem,
1144 3646 1176 3694 vt
1206 3628 1310 3707 istrum
1342 3634 1470 3705 scitae,-

280 3712 381 3783 uilis,
411 3730 507 3789 neque
531 3715 562 3773 in
591 3714 690 3788 ipsius·
707 3715 836 3776 Phoeni·
872 3730 923 3775 eut
941 3732 977 3773 ex
1000 3716 1112 3787 sabula,
1129 3726 1162 3774 vt
1173 3714 1275 3772 Aetoli
1297 3709 1469 3786 Acheloum

279 3804 288 3841 ε
315 3792 471 3853 ciuitatum
492 3798 702 3857 monumentis.
745 3796 837 3855 llouis
873 3810 922 3854 eut
950 3812 985 3855 ex
1011 3796 1089 3871 lege,
1117 3796 1153 3855 et'
1178 3795 1342 3865 Spartiatae
1375 3794 1471 3853 Erno-

280 3884 362 3939 eum.
396 3872 454 3933 siue
491 3876 567 3935 tauri
604 3894 726 3951 paruum
749 3876 837 3934 helile
871 3891 953 3947 rnen3
974 3890 1022 3935 aut
1040 3894 1075 3935 ex
1093 3874 1173 3934 sacro
1192 3873 1338 3943 inllitutu,
1355 3888 1389 3933 vt
1405 3866 1469 3947 iiifi

284 3968 360 4020 um,
382 3955 514 4029 Neapoli
540 3956 683 4016 ell'ulllrm.
705 3958 837 4016 incuius
864 3950 931 4031 firm
974 3955 1212 4025 Atheniensem„
1265 3955 1471 4027 madehalle

280 4028 304 4087 .'
332 4036 461 4111 legitur:
500 4050 662 4097 narrator
689 4048 837 4097 'rr'r'rior
871 4037 1059 4096 tribuendum
1088 4038 1127 4097 eil
1152 4034 1263 4092 veteris
1293 4036 1376 4093 orbis
1400 4052 1472 4111 erga

281 4124 360 4175 broc
389 4132 409 4175 o
432 4134 514 4178 eorc
537 4135 553 4177 a
577 4114 772 4177 diartorcllio
804 4136 833 4191 p.
871 4120 980 4179 fluuios
1001 4119 1114 4190 pietati,
1137 4116 1216 4190 quod
1234 4132 1337 4175 cortun
1357 4116 1470 4190 efligies

280 4200 307 4257 l.
326 4196 467 4263 relatum,
485 4199 528 4257 nil
544 4200 581 4259 ad
599 4198 674 4257 lianc
687 4199 836 4257 rernsace-
869 4199 899 4258 in
921 4199 1018 4257 nrrrrrir
1041 4199 1131 4256 toties
1162 4197 1284 4254 niteant.
1304 4224 1346 4237 —-
1387 4199 1470 4257 Sicu·

298 4278 388 4337 facile
421 4278 545 4355 quisque
578 4272 767 4355 'cogreouerit
787 4280 837 4353 qui
869 4278 916 4337 los
936 4296 1003 4338 ante
1019 4296 1123 4337 onmes
1136 4276 1187 4335 tali
1205 4274 1288 4336 suillo
1306 4275 1398 4335 cultui
1419 4278 1472 4335 ad-

280 4358 423 4431 ecapite,
441 4360 689 4435 quemadmodum
710 4360 838 4435 ingenue
869 4360 966 4419 didos
988 4360 1078 4417 tradit
1109 4354 1209 4417 Cicera
1230 4369 1306 4414 orat.
1333 4358 1363 4415 in
1394 4354 1472 4417 Ver'-

280 4448 316 4497 m
334 4438 460 4513 scriptor
484 4440 630 4501 consellus
653 4440 706 4512 cll,
734 4440 835 4499 inuen·
868 4456 932 4499 rem
950 4440 1015 4498 Ac't.
1033 4439 1065 4497 11.
1087 4438 1124 4499 L.
1145 4436 1238 4498 lV.c.
1259 4456 1299 4514 44
1327 4436 1376 4513 qui
1394 4432 1473 4509 Cry-

280 4518 380 4577 ielse
403 4521 655 4595 animaduerterit.
681 4550 722 4565 ·-
780 4518 836 4578 Pe·
859 4512 930 4595 stein
967 4536 1080 4578 amnem
1115 4522 1152 4579 ab
1187 4516 1332 4577 Assorinia
1359 4517 1471 4577 diuinis

280 4610 306 4655 's
326 4596 510 4657 Burmannus
525 4604 679 4661 Seetmdut
697 4602 727 4661 in
743 4600 837 4661 Com·
871 4602 982 4661 cultum
1005 4599 1172 4661 honoribus
1189 4598 1328 4667 ostendit,
1351 4610 1381 4655 et
1398 4600 1474 4655 ebe·

280 4690 330 4737 ιιι.
353 4682 390 4739 ad
409 4682 529 4741 Numos
549 4680 837 4745 Sictdoe.1ec.Pird.
871 4682 934 4741 rius
954 4678 1094 4739 Aeliarrus
1119 4680 1226 4741 variar.
1249 4678 1350 4738 Hister
1382 4677 1472 4751 1..11,

280 4756 391 4819 millu·
410 4778 442 4835 p.
467 4778 536 4835 390.
562 4762 686 4821 biformi
703 4764 758 4820 hac
773 4774 838 4823 tau·
873 4779 959 4837 c.33.
993 4763 1023 4820 ln
1061 4764 1163 4822 Sicilia
1194 4758 1368 4817 Sirteul'ani
1391 4756 1471 4815 Arra·

280 4852 318 4898 et
341 4839 471 4901 hominis
491 4842 582 4916 ligura
600 4858 718 4903 veteres
733 4846 838 4923 proxi-
869 4860 938 4923 pani
964 4844 1069 4903 flumen
1092 4846 1158 4903 uiro
1177 4840 1387 4907 adheriurunt,
1410 4839 1471 4897 At·

280 4916 839 5017 mipfisjleplinaexptimerevoluis·
869 4924 1090 5003 prioritatem
1110 4922 1280 5006 Perpetem,
1299 4916 1473 5011 &willirat

340 5006 350 5027 “
913 5050 919 5063 .
1384 5012 1471 5063 “4110-

977 5266 992 5313 ι
1043 5334 1047 5341 .
