3775 5734
473 430 692 575 uos·
909 606 913 613 Ι
1125 491 1447 595 umus

368 686 416 821 εγ
437 679 602 749 Alexandri
618 673 658 739 ll.
673 675 818 753 tegisSy·
852 675 986 768 rationea
1001 670 1160 766 drachmis.
1172 672 1359 767 effegebant.
1372 669 1449 767 sicut
1492 672 1498 688 “
1547 686 1553 705 ·

363 776 414 821 ne.
432 760 500 841 ib.)
517 757 661 853 ΙΒιςςςν.)
694 757 820 848 linym.)
852 754 983 850 Romam
1005 772 1103 814 numia
1126 753 1284 848 sestertiis,
1313 769 1397 815 curus
1417 769 1450 846 m

363 838 556 1073 Qu·
572 840 635 899 m.
652 831 719 1057 [ἲ
737 834 817 1059 ¹⁰AE
852 833 1452 1055 {ullullhillilll‘mlht

475 1014 740 1075 monogrammae.
803 1036 818 1075 ‚.
877 1011 927 1057 ant
948 1012 1051 1071 exemp
1065 1010 1092 1057 a.
1551 1006 1554 1011 ·

364 1074 574 1156 iapudffldb.
594 1096 626 1153 p.
645 1078 716 1152 561.

893 1152 1045 1215 Drnchina
1061 1146 1166 1225 Amica
1180 1154 1309 1214 ciusdem
1334 1128 1452 1227 ponde·
1474 1142 1477 1147 ¹
1580 1152 1583 1179 '

363 1242 416 1305 ΓΚ.
432 1241 542 1307 inimo
570 1254 601 1297 n.
621 1236 819 1300 Diocletiani.
854 1237 896 1296 ris
927 1252 992 1296 erat
1021 1235 1240 1297 cumdemrio
1267 1234 1452 1307 drachmali;
1562 1264 1564 1269 ·

376 1322 431 1385 111.
452 1339 484 1397 p.
503 1332 552 1398 54.
573 1337 604 1379 n.
621 1319 653 1380 6.
855 1316 923 1377 inde
943 1316 1113 1377 drachmam
1128 1315 1259 1374 Atticam
1281 1314 1374 1393 vulgo
1398 1314 1453 1375 de·

516 1440 521 1449 .
854 1397 947 1475 nario·
963 1397 1102 1459 Romano
1115 1409 1268 1473 aequant:
1293 1396 1333 1459 Et
1349 1412 1454 1471 quem·

362 1495 558 1557 imem1s94.,
580 1477 630 1539 Sic
652 1476 683 1537 iri
709 1494 739 1536 n.
758 1477 821 1535 An·
854 1466 1015 1535 admodum
1032 1476 1163 1537 Romani
1188 1474 1337 1549 duplicem
1362 1474 1455 1535 dena·
1504 1536 1506 1541 ,

370 1562 490 1642 Syriae:
513 1576 569 1623 rer.
581 1575 635 1634 aq.
656 1558 740 1619 Anno
755 1572 808 1634 94.
854 1557 945 1628 rium,
966 1558 1009 1615 ita
1022 1557 1132 1617 Graeci
1147 1572 1267 1634 quoque
1280 1557 1330 1615 vel
1347 1571 1455 1613 aurem

855 1638 906 1697 vel
924 1651 1078 1717 argenteas
1100 1630 1252 1695 drachmas
1272 1635 1453 1699 habuerunt.
1507 1704 1510 1710 ,

377 1722 527 1798 negarim
568 1715 693 1778 Ciliciae
729 1733 822 1774 annus
856 1718 890 1779 ln
912 1718 1054 1779 numariia
1070 1732 1167 1776 tamen
1181 1717 1359 1789 ratiociniis,
1372 1716 1456 1777 nulla

363 1802 405 1862 ll.
423 1799 526 1863 murel.
561 1794 664 1857 Ciniel.
698 1793 822 1857 Vindob.
857 1797 954 1871 speeie
978 1797 1143 1871 adscripta,
1164 1810 1319 1873 argenteus
1344 1813 1452 1859 numus

366 1882 416 1964 3.)
458 1874 577 1942 Eckbel.
596 1876 698 1941 Caul.
715 1896 744 1952 p.
759 1886 827 1953 184·
857 1878 1101 1954 subintelligitur.
1143 1876 1236 1940 Conf.
1261 1874 1457 1937 Arbuthnotii

725 1998 738 2025 .·
859 1960 997 2023 Tabulae
1017 1976 1049 2032 ιι.
1066 1975 1106 2019 aa
1120 1957 1178 2035 sq.)
1219 1952 1337 2017 Mnttb.
1356 1954 1456 2039 Reper

363 2038 527 2103 lntiechiae
546 2038 664 2115 Syriae,
680 2036 739 2097 vbl
754 2052 828 2096 nro.
860 2039 986 2116 luquiry
1008 2039 1074 2099 imo
1097 2036 1150 2099 the
1165 2035 1263 2097 Value
1286 2039 1324 2097 of
1338 2037 1389 2096 the
1405 2055 1459 2099 an-

363 2124 495 2185 leron.
523 2135 592 2195 nqr.
624 2120 675 2178 vel
702 2122 828 2180 croac.
861 2119 943 2179 cient
966 2118 1068 2181 Oreelr
1093 2119 1150 2178 and
1176 2118 1295 2179 Roman
1318 2117 1458 2195 Money3

363 2222 407 2261 ras
426 2216 496 2281 194.
513 2199 651 2261 scribitur
674 2216 705 2265 v.
722 2200 826 2259 Antio·
861 2200 947 2260 cuius
981 2196 1131 2276 inquisitio
1167 2198 1282 2257 valoris
1318 2212 1459 2259 monetae

363 2287 433 2345 riae.
861 2282 1049 2341 Graecorum
1072 2293 1207 2341 veterum
1235 2291 1325 2354 atque
1345 2280 1462 2339 Roma-

366 2378 368 2383 ·
859 2376 968 2423 norum
982 2359 1089 2421 inserta
1104 2357 1328 2432 estPhilosoph.
1347 2358 1462 2439 Trans·

363 2440 537 2507 Gazensmm
564 2454 650 2498 aerae
688 2438 827 2513 antiquae
861 2442 919 2507 aa,
944 2439 1018 2501 Vol.
1044 2440 1121 2501 Lxl.
1151 2439 1184 2500 P.
1211 2440 1250 2499 ll.
1279 2457 1309 2515 p.
1335 2444 1397 2517 462
1422 2438 1461 2500 acl

363 2541 408 2603 94.
431 2524 483 2601 qui
501 2520 542 2580 cll
552 2518 694 2579 Hadriani
707 2519 827 2594 quintus
863 2535 936 2597 535.
978 2522 1125 2594 Graecis,
1142 2520 1240 2598 inquit
1256 2519 1354 2601 Rupta·
1376 2517 1406 2597 S.
1430 2535 1460 2581 ι.

363 2622 444 2671 erac,
463 2617 494 2663 et
518 2601 558 2664 V·
576 2601 613 2660 C·
632 2606 704 2673 887·
725 2598 828 2667 addite
861 2600 1002 2663 drachma
1010 2602 1113 2663 Attica
1128 2615 1191 2661 erat
1206 2615 1326 2661 moneta
1340 2613 1370 2658 et
1384 2616 1462 2673 pon·

363 2684 473 2746 tinirio
487 2683 560 2762 693.
582 2682 644 2747 vid.
669 2676 754 2739 Gnan
773 2678 829 2738 Pa·
863 2684 936 2753 dha,
958 2700 1081 2759 quarum
1102 2696 1220 2743 centum
1235 2695 1265 2741 et
1278 2697 1402 2741 numero
1429 2692 1462 2741 et

363 2784 388 2827 e.
862 2764 1115 2839 pondereminam
1129 2762 1358 2832 constituebant,
1367 2761 1461 2825 6000.

862 2844 1020 2904 drachmae
1035 2860 1131 2917 vere,
1157 2844 1208 2903 vel
1224 2843 1272 2905 ⁶0.
1294 2843 1390 2901 minae
1417 2855 1462 2912 ta·

382 2928 483 2987 Annas
499 2935 569 3002 594.
591 2924 622 2983 in
642 2940 673 2981 n.
695 2917 830 2980 Rhescu·
863 2926 990 2985 lentum.
1011 2926 1081 3005 Hoc
1093 2925 1232 2985 omnibus
1243 2923 1367 2984 Graecis
1377 2938 1465 2982 com-

394 3000 612 3070 mannum.
633 3003 673 3067 ΙΙ.
692 3002 753 3060 Tb.
777 2999 828 3064 68·
862 3024 952 3067 mune
972 3020 1057 3076 erat,
1095 3020 1125 3065 ct
1148 3004 1169 3065 sr
1193 3005 1273 3064 forte
1304 3003 1465 3064 drachmae
1501 3010 1503 3015 ’

863 3086 953 3147 vnius
987 3085 1118 3145 ciuitatis
1146 3086 1182 3145 ab
1210 3084 1272 3143 illis
1296 3083 1465 3156 differrent,

864 3166 1033 3227 differentia
1044 3165 1223 3225 talentorum
1236 3164 1325 3223 ctiam
1335 3180 1467 3237 propor-

386 3240 518 3323 Drnsus.
556 3244 626 3306 DR.
641 3320 646 3327 ἱ
661 3240 755 3302 CAE.
791 3238 831 3318 Q.
864 3249 981 3309 tionata
1004 3260 1077 3306 etat.
1128 3244 1349 3305 Atheniensium
1375 3261 1468 3317 pecu·

364 3324 429 3406 reso
447 3316 832 3405 CnehrreQaestorePro·
865 3328 918 3388 nia
933 3340 965 3386 et
983 3327 1081 3404 quoad
1106 3338 1279 3403 argentum,
1316 3338 1346 3385 et
1365 3322 1466 3401 quoad

363 3407 526 3492 :Angelum
547 3425 578 3482 p.
593 3414 643 3471 28.
665 3405 727 3465 vid.
748 3401 833 3465 Dru·
868 3409 973 3469 iustum
1008 3409 1125 3482 pondus
1159 3408 1286 3481 palmam
1308 3406 1463 3480 praeripit.

855 3488 1019 3559 ,Draclrma
1052 3506 1155 3550 corum
1184 3499 1323 3564 argentea
1357 3486 1388 3550 in
1414 3486 1467 3546 sex

868 3571 981 3631 obolos
1013 3570 1104 3629 diuisa
1123 3567 1204 3639 crat,·
1224 3568 1274 3627 uel
1296 3566 1355 3626 tria
1368 3567 1468 3626 conti·

363 3664 440 3711 tntae
465 3647 633 3711 numerales
667 3644 737 3702 enni
764 3659 834 3720 104·
869 3653 961 3717 nebat
994 3650 1149 3723 scrupula,
1183 3647 1351 3723 scrupulum
1389 3649 1467 3711 duos

363 3730 423 3791 hiae
443 3730 474 3789 in
491 3728 596 3866 δζῐίὃ,
622 3726 724 3787 additi)
748 3723 838 3783 lulia-
869 3731 1004 3802 obolos,
1031 3729 1091 3789 fiue
1119 3728 1258 3804 siliquas,
1296 3728 1385 3787 vncin
1415 3745 1469 3788 au·

363 3828 420 3872 rium
436 3826 512 3884 epoc

363 3911 368 3951 ι
385 3908 492 3952 annum
503 3886 542 3950 V.
562 3887 600 3948 C.
618 3895 687 3962 809.
722 3887 837 3944 Occur·
872 3891 1030 3953 drachmae
1046 3891 1163 3950 circiter
1187 3890 1244 3950 166
1263 3888 1370 3948 thaler.
1389 3901 1420 3947 et
1437 3895 1468 3955 8.

363 3984 583 4129 liulf·
604 3970 661 4028 Μ’
684 3984 750 4044 ¹⁰⁴·
773 3964 836 4026 vn.
870 3969 1369 4115 ml².lh.¹mmtl²ih²3
1388 3968 1471 4126 lh·

873 4135 973 4195 sorum
1008 4151 1146 4209 aequant.
1185 4131 1278 4192 Conf.
1303 4129 1373 4203 Ala.
1397 4127 1472 4188 Mn·

363 4212 448 4274 forsan
458 4222 540 4285 Δρύας
547 4210 627 4285 apud
639 4203 724 4269 Gela.
734 4206 839 4285 Magn.
873 4229 940 4280 nur.
955 4216 994 4274 de
1012 4213 1166 4273 drachmis·
1179 4226 1208 4272 et
1223 4211 1373 4271 sestertiis.
1409 4210 1473 4270 Vc·

363 4312 383 4353 a.
400 4295 447 4358 16.
463 4312 494 4354 n.
514 4307 544 4366 7.
565 4292 616 4356 [εἰ.
636 4290 843 4350 Puteolorum.
873 4308 938 4356 net.
958 4295 1045 4367 1576.
1063 4294 1156 4354 recus.
1173 4293 1204 4352 in
1220 4291 1312 4354 Thes.
1326 4286 1471 4370 sallingr.

877 4377 970 4436 Tem.
987 4376 1011 4437 l.
1033 4392 1063 4447 p.
1080 4381 1137 4449 831
1156 4374 1218 4450 sqq.
1240 4406 1282 4419 -
1322 4371 1475 4433 Drachma

363 4450 466 4537 xlma,
510 4454 564 4517 Gr.
601 4460 728 4525 denual,
763 4446 845 4527 quast
876 4456 982 4516 eadem
996 4457 1098 4515 Attica
1115 4471 1229 4515 merces
1246 4454 1352 4515 diurna
1369 4452 1426 4512 suit
1443 4452 1474 4510 in

383 4552 404 4605 ².
420 4544 582 4609 leemps,
618 4532 761 4609 fignificat
782 4546 846 4589 rem
878 4537 1005 4601 Attica,
1051 4534 1300 4611 quemadmodum
1335 4533 1476 4593 denarius

373 4616 597 4689 ldl’rehfflsdmn
627 4612 707 4690 quast
726 4608 846 4672 diceres
878 4617 960 4690 apud
983 4614 1158 4688 Romanor,
1186 4629 1221 4675 vt
1241 4631 1312 4675 cum
1334 4631 1373 4673 ex
1396 4612 1475 4682 aliis,

363 4696 627 4760 mummolenum,
659 4694 709 4769 ‘lui
726 4693 848 4752 iunctim
880 4696 1247 4758 tumvemeerlieanee
1271 4693 1384 4755 1..1v.
1404 4709 1478 4751 ceu·

363 4774 516 4836 lrachmam
535 4775 710 4835 conuicium.
731 4772 848 4831 Drach·
881 4778 936 4836 slat
951 4777 982 4837 in
999 4778 1120 4838 historia
1137 4776 1308 4838 Menedemi
1325 4788 1357 4833 et
1372 4771 1477 4831 Ascle·

363 4872 392 4915 ro
407 4872 436 4919 et
454 4856 573 4931 pondua
596 4868 629 4915 ct
651 4866 757 4914 nllrhus
778 4853 846 4911 suit.
881 4857 978 4931 piadis
1000 4858 1258 4932 philosophorum.
1280 4884 1322 4897 --
1353 4848 1479 4911 Drach·
1501 4888 1503 4892 -

363 4934 369 4993 i
394 4950 452 4997 tam
483 4937 550 5003 suaa
575 4950 664 5015 quiam
693 4935 852 5005 Romanae
879 4953 930 5001 ma
943 4939 1004 4997 suia
1019 4956 1139 5033 queque
1159 4934 1335 5013 stipendium
1349 4932 1480 5071 αἰίιίῃιῗιιίο

536 3805 837 3881 aecapi1c705.in·
869 3825 931 3872 tem
946 3811 1068 3870 tenebat
1082 3811 1151 3871 odto
1173 3810 1341 3869 drachmas.
1378 3808 1468 3868 Mille
1579 3837 1583 3847 ·
